@article{Muthuraman2008,
    title = {{A moving boundary approach to American option pricing}},
    year = {2008},
    journal = {Journal of Economic Dynamics and Control},
    author = {Muthuraman, Kumar},
    number = {11},
    month = {11},
    pages = {3520--3537},
    volume = {32},
    publisher = {North-Holland},
    doi = {10.1016/j.jedc.2007.12.007},
    issn = {01651889},
    keywords = {American option pricing, Free-boundary, Hamilton-Jacobi-Bellman equation, Stochastic control}
}

@techreport{Epa2016,
    title = {{Addendum to Technical Support Document on Social Cost of Carbon for Regulatory Impact Analysis under Executive Order 12866: Application of the Methodology to Estimate the Social Cost of Methane and the Social Cost of Nitrous Oxide Interagency Working Grou}},
    year = {2016},
    author = {{EPA}},
    url = {https://www.whitehouse.gov/omb/oira/social},
    keywords = {SCC, carbon dioxide, ch4, climate change, co2, emissions, ghg, interagency working group on social cost of greenh, n2o}
}

@article{Alvarez2018,
    title = {{Assessment of methane emissions from the U.S. oil and gas supply chain}},
    year = {2018},
    journal = {Science},
    author = {Alvarez, Ramón A. and Zavala-Araiza, Daniel and Lyon, David R. and Allen, David T. and Barkley, Zachary R. and Brandt, Adam R. and Davis, Kenneth J. and Herndon, Scott C. and Jacob, Daniel J. and Karion, Anna and Kort, Eric A. and Lamb, Brian K. and Lauvaux, Thomas and Maasakkers, Joannes D. and Marchese, Anthony J. and Omara, Mark and Pacala, Stephen W. and Peischl, Jeff and Robinson, Allen L. and Shepson, Paul B. and Sweeney, Colm and Townsend-Small, Amy and Wofsy, Steven C. and Hamburg, Steven P.},
    number = {6398},
    month = {7},
    pages = {186--188},
    volume = {361},
    publisher = {American Association for the Advancement of Science},
    url = {http://science.sciencemag.org/},
    doi = {10.1126/science.aar7204},
    issn = {10959203},
    pmid = {29930092}
}

@article{Lade2017,
    title = {{Costs of Inefficient Regulation: Evidence from the Bakken}},
    year = {2017},
    journal = {SSRN Electronic Journal},
    author = {Lade, Gabriel and Rudik, Ivan},
    month = {12},
    publisher = {Elsevier BV},
    url = {https://papers.ssrn.com/abstract=3086728},
    doi = {10.2139/ssrn.3086728},
    issn = {1556-5068},
    keywords = {Bakken, Costs of Inefficient Regulation: Evidence from the, Gabriel Lade, Ivan Rudik, North Dakota, SSRN, efficient regulation, flaring, hydraulic fracturing, oil and gas}
}

@article{Boomhower2019,
    title = {{Drilling Like There's No Tomorrow: Bankruptcy, Insurance, and Environmental Risk †}},
    year = {2019},
    journal = {American Economic Review},
    author = {Boomhower, Judson},
    number = {2},
    pages = {391--426},
    volume = {109},
    url = {https://doi.org/10.1257/aer.20160346},
    doi = {10.1257/aer.20160346}
}

@misc{Malik,
    title = {{Giant Florida Methane Plume Probed by EPA as Possible Violation - Bloomberg}},
    booktitle = {Bloomberg},
    author = {Malik, N and Clark, A},
    url = {https://www.bloomberg.com/news/articles/2020-08-20/epa-launches-investigation-into-massive-florida-methane-leak}
}

@article{Anderson2018,
    title = {{Hotelling under Pressure}},
    year = {2018},
    journal = {Journal of Political Economy},
    author = {Anderson, Soren T. and Kellogg, Ryan and Salant, Stephen W.},
    month = {6},
    publisher = {University of Chicago Press},
    url = {https://www.journals.uchicago.edu/doi/abs/10.1086/697203},
    doi = {10.1086/697203},
    issn = {1537534X}
}

@book{Dixit1993,
    title = {{Investment under Uncertainty}},
    year = {1993},
    author = {Dixit, Avinash and Pindyck, Robert},
    publisher = {Princeton University Press},
    url = {https://press.princeton.edu/books/hardcover/9780691034102/investment-under-uncertainty}
}

@techreport{Service2020,
    title = {{Methane and Other Air Pollution Issues in Natural Gas Systems}},
    year = {2020},
    author = {{CRS}},
    url = {https://crsreports.congress.gov}
}

@misc{EDF,
    title = {{Methane: The other important greenhouse gas | Environmental Defense Fund}},
    year = {2021},
    author = {{EDF}},
    url = {https://www.edf.org/climate/methane-other-important-greenhouse-gas}
}

@misc{EPA,
    title = {{Overview of Greenhouse Gases}},
    author = {{EPA}},
    url = {https://www.epa.gov/ghgemissions/overview-greenhouse-gases},
    keywords = {CH4, CO2, GHG, GHGs, N2O, carbon dioxide, carbon pollution, climate change, fluorinated gases, global warming, green house gas, methane, nitrous oxide}
}

@article{Hausman2019,
    title = {{Price Regulation and Environmental Externalities: Evidence from Methane Leaks}},
    year = {2019},
    journal = {Journal of the Association of Environmental and Resource Economists},
    author = {Hausman, Catherine and Muehlenbachs, Lucija},
    number = {1},
    month = {1},
    pages = {73--109},
    volume = {6},
    publisher = {University of Chicago Press},
    url = {https://www.journals.uchicago.edu/doi/10.1086/700301},
    doi = {10.1086/700301},
    issn = {2333-5955},
    keywords = {Infrastructure, Methane leaks, Natural gas, Pipelines, Price regulation, Utilities}
}

@techreport{Marks2018,
    title = {{The Abatement Cost of Methane Emissions from Natural Gas Production}},
    year = {2018},
    author = {Marks, Levi},
    url = {http://www.usaee.org/usaee2018/submissions/OnlineProceedings/marks_ml_abatement.pdf}
}

@article{Chan2018,
    title = {{The impact of trading on the costs and benefits of the Acid Rain Program}},
    year = {2018},
    journal = {Journal of Environmental Economics and Management},
    author = {Chan, H. Ron and Chupp, B. Andrew and Cropper, Maureen L. and Muller, Nicholas Z.},
    month = {3},
    pages = {180--209},
    volume = {88},
    publisher = {Academic Press Inc.},
    doi = {10.1016/j.jeem.2017.11.004},
    issn = {10960449},
    keywords = {Acid rain, Cap and trade, Health effects, Performance standards, Pollution permits, Sulfur dioxide}
}

@article{Coase1946,
    title = {{The Marginal Cost Controversy}},
    year = {1946},
    journal = {Economica},
    author = {Coase, R. H.},
    number = {51},
    month = {8},
    pages = {169},
    volume = {13},
    publisher = {JSTOR},
    doi = {10.2307/2549764},
    issn = {00130427}
}

@misc{EIA2015,
    title = {{U.S. Natural Gas Wellhead Price (Dollars per Thousand Cubic Feet)}},
    year = {2015},
    booktitle = {US Natural Gas Wellhead Price},
    author = {{EIA}},
    url = {https://www.eia.gov/dnav/ng/hist/n3050us3M.htm}
}

@misc{USEPA,
    title = {{Understanding Global Warming Potentials}},
    author = {{EPA}},
    url = {https://www.epa.gov/ghgemissions/understanding-global-warming-potentials},
    keywords = {CH4, CO2, F-gases, GHG, GWP, N2O, carbon dioxide, carbon pollution, climate change, energy, fluorinated gases, global warming, green house gas, industry, methane, nitrous oxide}
}

@misc{2019RASS,
    title = {{2019 Residential Appliance Saturation Study (RASS}},
    url = {https://www.energy.ca.gov/appliances/rass/}
}

@article{Bureau2023Series,
    title = {{2023 National Population Projections Tables: Main Series}},
    author = {Bureau, US Census},
    url = {https://www.census.gov/data/tables/2023/demo/popproj/2023-summary-tables.html},
    keywords = {2023, National, Population Projections, Table, United States - US}
}

@misc{402022,
    title = {{40 CFR 98.233 (2022)}},
    url = {https://www.ecfr.gov/current/title-40/chapter-I/subchapter-C/part-98/subpart-W/section-98.233}
}

@misc{91104,
    title = {{91 Texas Natural Resources Code {\S}  104}},
    url = {https://statutes.capitol.texas.gov/Docs/NR/htm/NR.91.htm}
}

@article{1986AFishery,
    title = {{A critique of models of the American lobster fishery}},
    year = {1986},
    journal = {Journal of Environmental Economics and Management},
    number = {3},
    month = {9},
    pages = {277--291},
    volume = {13},
    publisher = {Academic Press},
    url = {https://www.sciencedirect.com/science/article/pii/0095069686900288},
    doi = {10.1016/0095-0696(86)90028-8},
    issn = {0095-0696}
}

@article{Baker2020ATools,
    title = {{A database for evaluating the InMAP, APEEP, and EASIUR reduced complexity air-quality modeling tools}},
    year = {2020},
    journal = {Data in Brief},
    author = {Baker, Kirk R. and Amend, Meredith and Penn, Stefani and Bankert, Joshua and Simon, Heather and Chan, Elizabeth and Fann, Neal and Zawacki, Margaret and Davidson, Ken and Roman, Henry},
    month = {2},
    volume = {28},
    publisher = {Elsevier},
    url = {/pmc/articles/PMC6911961/ /pmc/articles/PMC6911961/?report=abstract https://www.ncbi.nlm.nih.gov/pmc/articles/PMC6911961/},
    doi = {10.1016/J.DIB.2019.104886},
    issn = {23523409},
    pmid = {31872009},
    keywords = {APEEP, BenMAP, CAMx, CMAQ, EASIUR, InMAP, PM2.5}
}

@article{Baker2020AToolsb,
    title = {{A database for evaluating the InMAP, APEEP, and EASIUR reduced complexity air-quality modeling tools}},
    year = {2020},
    journal = {Data in Brief},
    author = {Baker, Kirk R. and Amend, Meredith and Penn, Stefani and Bankert, Joshua and Simon, Heather and Chan, Elizabeth and Fann, Neal and Zawacki, Margaret and Davidson, Ken and Roman, Henry},
    month = {2},
    pages = {104886},
    volume = {28},
    publisher = {Elsevier},
    doi = {10.1016/J.DIB.2019.104886},
    issn = {2352-3409},
    keywords = {APEEP, BenMAP, CAMx, CMAQ, EASIUR, InMAP, PM2.5}
}

@article{Baker2020AToolsc,
    title = {{A database for evaluating the InMAP, APEEP, and EASIUR reduced complexity air-quality modeling tools}},
    year = {2020},
    journal = {Data in Brief},
    author = {Baker, Kirk R. and Amend, Meredith and Penn, Stefani and Bankert, Joshua and Simon, Heather and Chan, Elizabeth and Fann, Neal and Zawacki, Margaret and Davidson, Ken and Roman, Henry},
    month = {2},
    pages = {104886},
    volume = {28},
    publisher = {Elsevier},
    doi = {10.1016/J.DIB.2019.104886},
    issn = {2352-3409},
    keywords = {APEEP, BenMAP, CAMx, CMAQ, EASIUR, InMAP, PM2.5}
}

@article{Muehlenbachs2015APRODUCTION,
    title = {{A DYNAMIC MODEL OF CLEANUP: ESTIMATING SUNK COSTS IN OIL AND GAS PRODUCTION}},
    year = {2015},
    journal = {International Economic Review},
    author = {Muehlenbachs, Lucija},
    number = {1},
    month = {2},
    pages = {155--185},
    volume = {56},
    publisher = {John Wiley {\&} Sons, Ltd},
    url = {https://onlinelibrary.wiley.com/doi/full/10.1111/iere.12098 https://onlinelibrary.wiley.com/doi/abs/10.1111/iere.12098 https://onlinelibrary.wiley.com/doi/10.1111/iere.12098},
    doi = {10.1111/IERE.12098},
    issn = {1468-2354}
}

@article{Murphy2018ASupply,
    title = {{A Dynamic Model of Housing Supply}},
    year = {2018},
    journal = {American Economic Journal: Economic Policy},
    author = {Murphy, Alvin},
    number = {4},
    month = {11},
    pages = {243--67},
    volume = {10},
    publisher = {American Economic Association},
    doi = {10.1257/POL.20150297},
    issn = {1945-7731},
    keywords = {Model Construction and Estimation, Consumer Economics: Empirical Analysis, Business Fluctuations, Neighborhood Characteristics, Housing Supply and Markets, Population, Regional Labor Markets}
}

@article{Murphy2018A,
    title = {{A Dynamic Model of Housing Supply †}},
    year = {2018},
    journal = {American Economic Journal: Economic Policy},
    author = {Murphy, Alvin},
    number = {4},
    pages = {243--267},
    volume = {10},
    url = {https://doi.org/10.1257/pol.20150297},
    doi = {10.1257/pol.20150297}
}

@article{Hess2012AStudy,
    title = {{A joint model for vehicle type and fuel type choice: evidence from a cross-nested logit study}},
    year = {2012},
    journal = {Transportation},
    author = {Hess, Stephane and Fowler, Mark and Adler, Thomas and Bahreinian, Aniss},
    number = {3},
    month = {5},
    pages = {593--625},
    volume = {39},
    url = {http://link.springer.com/10.1007/s11116-011-9366-5},
    doi = {10.1007/s11116-011-9366-5},
    issn = {0049-4488}
}

@techreport{Rubin1996ABorrowing,
    title = {{A Model of Intertemporal Emission Trading, Banking, and Borrowing*}},
    year = {1996},
    booktitle = {JOURNAL OF ENVIRONMENTAL ECONOMICS AND MANAGEMENT},
    author = {Rubin, Jonathan D},
    volume = {31},
    url = {https://ac.els-cdn.com/S0095069696900443/1-s2.0-S0095069696900443-main.pdf?_tid=52d0f5e4-fb4f-4386-ae8f-d0617fd6f19d&acdnat=1550432071_aa653e5ed0a4f9c8ce210acd26382c6e}
}

@article{Balthrop2016AExternality,
    title = {{A regression discontinuity approach to measuring the effectiveness of oil and natural gas regulation to address the common-pool externality}},
    year = {2016},
    journal = {Resource and Energy Economics},
    author = {Balthrop, Andrew T. and Schnier, Kurt E.},
    doi = {10.1016/j.reseneeco.2016.02.006},
    issn = {09287655},
    keywords = {Common pool resource, Natural gas, Oil, Regression discontinuity design}
}

@unpublished{Marks2023APricing,
    title = {{A Sampling-Based Approach to Emissions Pricing}},
    year = {2023},
    author = {Marks, Levi}
}

@techreport{Aldy2006AdjustingEffects,
    title = {{Adjusting the Value of a Statistical Life for Age and Cohort Effects}},
    year = {2006},
    author = {Aldy, Joseph E and Viscusi, W Kip},
    url = {www.rff.org},
    keywords = {VSLY, hedonic wage regression, job risks, value of statistical life}
}

@article{Cicala2022AdverseChange,
    title = {{Adverse Selection as a Policy Instrument: Unraveling Climate Change}},
    year = {2022},
    author = {Cicala, Steve and H{\'{e}}mous, David and Olsen, Morten G and Covert, Thom and Fischer, Carolyn and Fowlie, Meredith and Greenstone, Michael and Kerr, Suzi and Metcalf, Gib and Nesje, Frikk and Omara, Mark and Reguant, Mar and Sallee, James and Shapiro, Joseph and Shleifer, Andrei and Stock, Jim and Stashko, Allison and Topel, Bob and Walker, Reed},
    month = {7},
    url = {https://www.nber.org/papers/w30283},
    institution = {National Bureau of Economic Research},
    address = {Cambridge, MA},
    doi = {10.3386/W30283},
    keywords = {David H{\'{e}}mous, Morten G. Olsen, Political Economy, Public Economics, Steve Cicala}
}

@article{Griffin1982AgriculturalDevelopment,
    title = {{Agricultural Runoff as a Nonpoint Externality: A Theoretical Development}},
    year = {1982},
    journal = {American Journal of Agricultural Economics},
    author = {Griffin, Ronald C. and Bromley, Daniel and Griffin, Ronald C. and Bromley, Daniel},
    number = {3},
    month = {8},
    pages = {547--552},
    volume = {64},
    publisher = {Agricultural and Applied Economics Association},
    url = {https://EconPapers.repec.org/RePEc:oup:ajagec:v:64:y:1982:i:3:p:547-552.},
    doi = {10.2307/1240648},
    issn = {0002-9092}
}

@article{Goforth2022AirStrategies,
    title = {{Air pollution disparities and equality assessments of US national decarbonization strategies}},
    year = {2022},
    journal = {Nature Communications 2022 13:1},
    author = {Goforth, Teagan and Nock, Destenie},
    number = {1},
    month = {12},
    pages = {1--14},
    volume = {13},
    publisher = {Nature Publishing Group},
    url = {https://www.nature.com/articles/s41467-022-35098-4},
    doi = {10.1038/s41467-022-35098-4},
    issn = {2041-1723},
    pmid = {36470886},
    keywords = {Energy and society, Energy justice, Energy policy}
}

@article{Dubin1984AnConsumption,
    title = {{An Econometric Analysis of Residential Electric Appliance Holdings and Consumption}},
    year = {1984},
    journal = {Source: Econometrica},
    author = {Dubin, Jeffrey A and Mcfadden, Daniel L},
    number = {2},
    pages = {345--362},
    volume = {52},
    url = {http://www.jstor.org/stable/1911493}
}

@article{Agerton2017AnatomyVersion,
    title = {{Anatomy of a Shale Boom: Optimal Leasing and Drilling with Costly Search See Latest version}},
    year = {2017},
    author = {Agerton, Mark}
}

@article{Small1981AppliedModels,
    title = {{Applied Welfare Economics with Discrete Choice Models}},
    year = {1981},
    journal = {Econometrica},
    author = {Small, Kenneth A. and Rosen, Harvey S.},
    number = {1},
    month = {1},
    pages = {105},
    volume = {49},
    publisher = {JSTOR},
    doi = {10.2307/1911129},
    issn = {00129682}
}

@article{Busse2013ArePurchases,
    title = {{Are Consumers Myopic? Evidence from New and Used Car Purchases}},
    year = {2013},
    journal = {American Economic Review},
    author = {Busse, Meghan R and Knittel, Christopher R and Zettelmeyer, Florian},
    number = {1},
    month = {2},
    pages = {220--256},
    volume = {103},
    url = {http://pubs.aeaweb.org/doi/10.1257/aer.103.1.220},
    doi = {10.1257/aer.103.1.220}
}

@article{Allcott2017AreExperiments,
    title = {{Are Consumers Poorly Informed about Fuel Economy? Evidence from Two Experiments}},
    year = {2017},
    author = {Allcott, Hunt and Knittel, Christopher},
    url = {http://papers.nber.org/tmp/89487-w23076.pdf}
}

@article{Arrow2004AreMuch,
    title = {{Are We Consuming Too Much?}},
    year = {2004},
    journal = {Journal of Economic Perspectives},
    author = {Arrow, Kenneth and Dasgupta, Partha and Goulder, Lawrence and Daily, Gretchen and Ehrlich, Paul and Heal, Geoffrey and Levin, Simon and M{\"{a}}ler, Karl-Göran and Schneider, Stephen and Starrett, David and Walker, Brian},
    number = {3},
    month = {8},
    pages = {147--172},
    volume = {18},
    url = {http://pubs.aeaweb.org/doi/10.1257/0895330042162377},
    doi = {10.1257/0895330042162377},
    issn = {0895-3309}
}

@misc{AtlanticProgram,
    title = {{Atlantic Coastal Cooperative Statistics Program}},
    url = {http://www.accsp.org/}
}

@article{Cong2019AuctionsOptions,
    title = {{Auctions of Real Options}},
    year = {2019},
    journal = {SSRN Electronic Journal},
    author = {Cong, Lin William},
    month = {6},
    publisher = {Elsevier BV},
    url = {https://papers.ssrn.com/abstract=2136359},
    doi = {10.2139/SSRN.2136359},
    issn = {1556-5068},
    keywords = {Acquisitions, Auctions, Auctions of Real Options, Lin William Cong, Oil and Gas, Real Options, SSRN, Security Design, Timing Games.}
}

@article{ESPEY2005AUTOMOBILEWORTH,
    title = {{AUTOMOBILE FUEL ECONOMY: WHAT IS IT WORTH?}},
    year = {2005},
    journal = {Contemporary Economic Policy},
    author = {ESPEY, MOLLY and NAIR, SANTOSH},
    number = {3},
    month = {7},
    pages = {317--323},
    volume = {23},
    publisher = {Wiley/Blackwell (10.1111)},
    url = {http://doi.wiley.com/10.1093/cep/byi024},
    doi = {10.1093/cep/byi024},
    issn = {10743529}
}

@article{Knittel2011AutomobilesSector,
    title = {{Automobiles on Steroids: Product Attribute Trade-Offs and Technological Progress in the Automobile Sector}},
    year = {2011},
    journal = {American Economic Review},
    author = {Knittel, Christopher R},
    number = {7},
    month = {12},
    pages = {3368--3399},
    volume = {101},
    url = {http://pubs.aeaweb.org/doi/10.1257/aer.101.7.3368},
    doi = {10.1257/aer.101.7.3368},
    issn = {0002-8282}
}

@misc{BasicIntelligence,
    title = {{Basic Energy's Well Servicing Rig Count Stable, Utilization Rate Still Declining - Natural Gas Intelligence}},
    url = {https://www.naturalgasintel.com/basic-energys-well-servicing-rig-count-stable-utilization-rate-still-declining/}
}

@article{Fernandez-Val2011BiasEstimators,
    title = {{Bias corrections for two-step fixed effects panel data estimators}},
    year = {2011},
    journal = {Journal of Econometrics},
    author = {Fern{\'{a}}ndez-Val, Iván and Vella, Francis},
    number = {2},
    pages = {144--162},
    volume = {163},
    publisher = {Elsevier},
    url = {https://ideas.repec.org/a/eee/econom/v163y2011i2p144-162.html},
    keywords = {Panel data Two, step estimation Endogenous regressors Fixed effects Sample selection bias Union premium}
}

@article{Puga2005BioeconomicArgus,
    title = {{Bioeconomic modelling and risk assessment of the Cuban fishery for spiny lobster Panulirus argus}},
    year = {2005},
    journal = {Fisheries Research},
    author = {Puga, Rafael and V{\'{a}}zquez, Sergio Hernández and Martinez, Juana López and de Le{\'{o}}n, María E.},
    number = {1-3},
    month = {9},
    pages = {149--163},
    volume = {75},
    publisher = {Elsevier},
    url = {http://www.sciencedirect.com/science/article/pii/S0165783605001359},
    doi = {10.1016/J.FISHRES.2005.03.014},
    issn = {0165-7836}
}

@article{Vreugdenhil2022BoomsIndustry,
    title = {{Booms, Busts, and Mismatch in Capital Markets: Evidence from the Offshore Oil and Gas Industry}},
    year = {2022},
    journal = {Working Paper},
    author = {Vreugdenhil, Nicholas},
    url = {https://nvreug.github.io/paper/bbm.pdf}
}

@article{Vreugdenhil2022BoomsIndustryb,
    title = {{Booms, Busts, and Mismatch in Capital Markets: Evidence from the Offshore Oil and Gas Industry}},
    year = {2022},
    author = {Vreugdenhil, Nicholas},
    url = {https://nvreug.github.io/paper/bbm.pdf}
}

@article{Stephenson2017CanProblem,
    title = {{Can Water Quality Trading Fix the Agricultural Nonpoint Source Problem?}},
    year = {2017},
    journal = {https://doi.org/10.1146/annurev-resource-100516-053639},
    author = {Stephenson, Kurt and Shabman, Leonard},
    month = {10},
    pages = {95--116},
    volume = {9},
    publisher = { Annual Reviews },
    url = {https://www.annualreviews.org/doi/abs/10.1146/annurev-resource-100516-053639},
    doi = {10.1146/ANNUREV-RESOURCE-100516-053639},
    issn = {19411359},
    keywords = {agriculture, nonpoint, water quality trading}
}

@article{Clark2017CapitalPolicy,
    title = {{Capital Theory and the Economics of Fisheries: Implications for Policy}},
    year = {2017},
    journal = {Marine Resource Economics},
    author = {Clark, Colin W. and Munro, Gordon R.},
    number = {2},
    month = {4},
    pages = {123--142},
    volume = {32},
    url = {http://www.journals.uchicago.edu/doi/10.1086/690679},
    doi = {10.1086/690679},
    issn = {0738-1360}
}

@misc{EIA2021CarbonCoefficients,
    title = {{Carbon Dioxide Emissions Coefficients}},
    year = {2021},
    author = {{EIA}},
    url = {https://www.eia.gov/environment/emissions/co2_vol_mass.php}
}

@article{Powell1986CensoredQuantiles,
    title = {{Censored regression quantiles}},
    year = {1986},
    journal = {Journal of Econometrics},
    author = {Powell, James L.},
    number = {1},
    month = {6},
    pages = {143--155},
    volume = {32},
    publisher = {North-Holland},
    url = {https://www.sciencedirect.com/science/article/pii/0304407686900163},
    doi = {10.1016/0304-4076(86)90016-3},
    issn = {0304-4076}
}

@article{Cerruti2017ChargingSystem,
    title = {{Charging Drivers by the Pound The Effects of the UK Vehicle Tax System Charging Drivers by the Pound: The Effects of the UK Vehicle Tax System}},
    year = {2017},
    author = {Cerruti, Davide and Alberini, Anna and Linn, Joshua},
    url = {http://www.rff.org/files/document/file/RFF-Rpt-Charging%20Drivers.pdf},
    keywords = {CO2 emissions, UK, carbon taxes, vehicle excise duty, vehicle registration fees}
}

@article{EPACleanReports,
    title = {{Clean Air Markets Programs: Progress Reports}},
    author = {EPA, US},
    url = {https://www3.epa.gov/airmarkets/progress/reports/market_activity_figures.html#figure2}
}

@misc{Maechler2021Cluster:Extensions,
    title = {{cluster: Cluster Analysis Basics and Extensions}},
    year = {2021},
    author = {Maechler, Martin and Rousseeuw, Peter and Struyf, Anja and Hubert, Mia and Hornik, Kurt},
    url = {https://CRAN.R-project.org/package=cluster}
}

@article{Mendez-Ruiz2019CoaseDakota,
    title = {{Coase on Fire: Natural Gas Flaring Abatement Technology Adoption and its Regulation in North Dakota}},
    year = {2019},
    author = {M{\'{e}}ndez-Ruiz, Andrés},
    url = {https://www.perc.org/wp-content/uploads/2019/08/Andres_Workshop_2_Paper.pdf},
    keywords = {Externalities, Inter-firm Contracting, Natural Gas, Transaction Costs}
}

@article{Axsen2009CombiningVehicles,
    title = {{Combining stated and revealed choice research to simulate the neighbor effect: The case of hybrid-electric vehicles}},
    year = {2009},
    journal = {Resource and Energy Economics},
    author = {Axsen, Jonn and Mountain, Dean C. and Jaccard, Mark},
    isbn = {0928-7655},
    doi = {10.1016/j.reseneeco.2009.02.001},
    issn = {09287655},
    keywords = {Consumer preferences, Discrete choice model, Energy policy, Hybrid-electric vehicles, Technological change}
}

@article{Mcgarvey2015ComparingFishery,
    title = {{Comparing size-limit and quota policies to increase economic yield in a lobster fishery}},
    year = {2015},
    author = {Mcgarvey, Richard and Punt, André E and Matthews, Janet M and Feenstra, John E and Gardner, Caleb and Burch, Paul and Hartmann, Klaas and Linnane, Adrian},
    url = {http://www.nrcresearchpress.com/doi/pdf/10.1139/cjfas-2014-0405},
    doi = {10.1139/cjfas-2014-0405}
}

@article{Hotz1993ConditionalModels,
    title = {{Conditional choice probabilities and the estimation of dynamic models}},
    year = {1993},
    journal = {Review of Economic Studies},
    author = {Hotz, Joseph A. and Miller, Robert A.},
    number = {3},
    pages = {497--529},
    volume = {60},
    doi = {10.2307/2298122},
    issn = {1467937X}
}

@article{Arcidiacono2011ConditionalHeterogeneity,
    title = {{Conditional Choice Probability Estimation of Dynamic Discete Choice Models with Unobserved Heterogeneity}},
    year = {2011},
    journal = {Econometrica},
    author = {Arcidiacono, Peter and Miller, Robert A},
    number = {6},
    month = {11},
    pages = {1823--1867},
    volume = {79},
    url = {https://www.jstor.org/stable/41336537},
    doi = {10.3982/ECTA7743},
    keywords = {Dynamic discrete choice, unobserved heterogeneity}
}

@misc{CONDITIONALHETEROGENEITY,
    title = {{CONDITIONAL CHOICE PROBABILITY ESTIMATION OF DYNAMIC DISCRETE CHOICE MODELS WITH UNOBSERVED HETEROGENEITY}},
    url = {https://www.jstor.org/stable/41336537}
}

@incollection{McFadden1974ConditionalBehavior,
    title = {{Conditional logit analysis of qualitative choice behavior}},
    year = {1974},
    booktitle = {Frontiers in Econometrics},
    author = {McFadden, Daniel},
    editor = {P. Zarembka, ed.},
    pages = {105--142},
    publisher = {Academic Press},
    url = {https://eml.berkeley.edu/reprints/mcfadden/zarembka.pdf},
    address = {New York}
}

@article{Grigolon2014ConsumerMarket,
    title = {{Consumer valuation of fuel costs and the effectiveness of tax policy: Evidence from the European car market Consumer valuation of fuel costs and the e¤ectiveness of tax policy: Evidence from the European car market}},
    year = {2014},
    author = {Grigolon, Laura and Reynaert, Mathias and Econometrics, Frank Verboven and Verboven, Frank},
    url = {http://ssrn.com/abstract=2533972}
}

@misc{TexasRailroadCommissionCostEstimates,
    title = {{Cost Calculation: Plugging Cost Estimates}},
    author = {{Texas Railroad Commission}},
    url = {https://www.rrc.texas.gov/oil-and-gas/compliance-enforcement/hb-2259-hb-3134-inactive-well-requirements/cost-calculation/}
}

@article{Lade2020CostsBakken,
    title = {{Costs of inefficient regulation: Evidence from the Bakken}},
    year = {2020},
    journal = {Journal of Environmental Economics and Management},
    author = {Lade, Gabriel E. and Rudik, Ivan},
    month = {7},
    pages = {102336},
    volume = {102},
    publisher = {Academic Press},
    doi = {10.1016/J.JEEM.2020.102336},
    issn = {0095-0696},
    keywords = {Bakken, Efficient regulation, Flaring, Hydraulic fracturing, North Dakota, Oil and gas}
}

@article{Covert2017CrudeInvestment,
    title = {{Crude by Rail, Option Value, and Pipeline Investment}},
    year = {2017},
    journal = {Becker Friedman Institute Working Paper},
    author = {Covert, Thomas and Kellogg, Ryan},
    month = {9},
    url = {https://bfi.uchicago.edu/working-paper/crude-by-rail-option-value-and-pipeline-investment/}
}

@article{Revelt1999Customer-SpecificLogit,
    title = {{Customer-Specific Taste Parameters and Mixed Logit}},
    year = {1999},
    author = {Revelt, David and Train, Kenneth and Allenby, Greg and Huber, Joel and Johnson, Rich and Mcfadden, Daniel and Rossi, Peter},
    url = {https://eml.berkeley.edu/wp/train0999.pdf}
}

@article{Raimi2021DecommissioningDrivers,
    title = {{Decommissioning Orphaned and Abandoned Oil and Gas Wells: New Estimates and Cost Drivers}},
    year = {2021},
    journal = {Environmental Science and Technology},
    author = {Raimi, Daniel and Krupnick, Alan J. and Shah, Jhih Shyang and Thompson, Alexandra},
    number = {15},
    month = {8},
    pages = {10224--10230},
    volume = {55},
    publisher = {American Chemical Society},
    url = {https://pubs.acs.org/doi/full/10.1021/acs.est.1c02234},
    doi = {10.1021/ACS.EST.1C02234/SUPPL{\_}FILE/ES1C02234{\_}SI{\_}001.PDF},
    issn = {15205851},
    pmid = {34260219},
    keywords = {climate change, decommissioning, methane, orphaned wells, well plugging}
}

@article{2014DemandStudies,
    title = {{Demand Reduction and Inefficiency in Multi-Unit Auctions Author(s): LAWRENCE M. AUSUBEL, PETER CRAMTON, MAREK PYCIA, MARZENA ROSTEK and MAREK WERETKA Source: The Review of Economic Studies}},
    year = {2014},
    url = {https://www.jstor.org/stable/43551738},
    isbn = {201915:52:14},
    doi = {10.1093/restud/rdu023}
}

@article{Kusnetz2011DeterioratingAmerican,
    title = {{Deteriorating Oil and Gas Wells Threaten Drinking Water Across the Country - Scientific American}},
    year = {2011},
    journal = {Scientific American},
    author = {Kusnetz, Nicholas},
    month = {4},
    url = {https://www.scientificamerican.com/article/deteriorating-oil-gas-wells-threatening-americas-drinking-water/}
}

@article{Townsend-Small2021DirectWater,
    title = {{Direct measurements from shut-in and other abandoned wells in the Permian Basin of Texas indicate some wells are a major source of methane emissions and produced water}},
    year = {2021},
    journal = {Environmental Research Letters},
    author = {Townsend-Small, Amy and Hoschouer, Jacob},
    number = {5},
    month = {5},
    pages = {054081},
    volume = {16},
    publisher = {IOP Publishing},
    url = {https://iopscience.iop.org/article/10.1088/1748-9326/abf06f https://iopscience.iop.org/article/10.1088/1748-9326/abf06f/meta},
    doi = {10.1088/1748-9326/ABF06F},
    issn = {1748-9326},
    keywords = {Texas, abandoned well, methane, oil production, produced water, shut-in wells}
}

@incollection{Train2005DiscreteSpace,
    title = {{Discrete Choice Models in Preference Space and Willingness-to-Pay Space}},
    year = {2005},
    booktitle = {Applications of Simulation Methods in Environmental and Resource Economics},
    author = {Train, Kenneth and Weeks, Melvyn},
    pages = {1--16},
    publisher = {Springer-Verlag},
    url = {http://link.springer.com/10.1007/1-4020-3684-1_1},
    address = {Berlin/Heidelberg},
    doi = {10.1007/1-4020-3684-1{\_}1}
}

@article{Gilbert2023DistributionalTransitions,
    title = {{Distributional Equity in the Employment and Wage Impacts of Energy Transitions}},
    year = {2023},
    author = {Gilbert, Ben and Gagarin, Hannah and Hoen, Ben},
    month = {8},
    url = {https://www.nber.org/papers/w31608},
    institution = {National Bureau of Economic Research},
    address = {Cambridge, MA},
    doi = {10.3386/W31608},
    keywords = {Ben Gilbert, Ben Hoen, Hannah Gagarin}
}

@article{Sallee2016DoFluctuations,
    title = {{Do consumers recognize the value of fuel economy? Evidence from used car prices and gasoline price fluctuations}},
    year = {2016},
    journal = {Journal of Public Economics},
    author = {Sallee, James M. and West, Sarah E. and Fan, Wei},
    month = {3},
    pages = {61--73},
    volume = {135},
    publisher = {North-Holland},
    url = {http://www.sciencedirect.com/science/article/pii/S0047272716000049?via%3Dihub},
    doi = {10.1016/J.JPUBECO.2016.01.003},
    issn = {0047-2727}
}

@article{Fowlie2018DoProgram,
    title = {{Do Energy Efficiency Investments Deliver? Evidence from the Weatherization Assistance Program*}},
    year = {2018},
    journal = {The Quarterly Journal of Economics},
    author = {Fowlie, Meredith and Greenstone, Michael and Wolfram, Catherine},
    number = {3},
    month = {8},
    pages = {1597--1644},
    volume = {133},
    url = {https://academic.oup.com/qje/article/133/3/1597/4828342},
    doi = {10.1093/qje/qjy005},
    issn = {0033-5533}
}

@article{Kahn2013DoEmployment,
    title = {{Do local energy prices and regulation affect the geographic concentration of employment?}},
    year = {2013},
    journal = {Journal of Public Economics},
    author = {Kahn, Matthew E. and Mansur, Erin T.},
    month = {5},
    pages = {105--114},
    volume = {101},
    publisher = {North-Holland},
    url = {http://www.sciencedirect.com/science/article/pii/S0047272713000509},
    doi = {10.1016/J.JPUBECO.2013.03.002},
    issn = {0047-2727}
}

@article{Kahn2013Do,
    title = {{Do local energy prices and regulation affect the geographic concentration of employment? ☆}},
    year = {2013},
    journal = {Journal of Public Economics},
    author = {Kahn, Matthew E and Mansur, Erin T},
    pages = {105--114},
    volume = {101},
    url = {http://citeseerx.ist.psu.edu/viewdoc/download?doi=10.1.1.718.5800&rep=rep1&type=pdf},
    doi = {10.1016/j.jpubeco.2013.03.002},
    keywords = {Electricity prices, Manufacturing employment, Regulation}
}

@article{Alberini2004DoesCanada,
    title = {{Does the value of a statistical life vary with age and health status? Evidence from the US and Canada}},
    year = {2004},
    journal = {Journal of Environmental Economics and Management},
    author = {Alberini, Anna and Cropper, Maureen and Krupnick, Alan and Simon, Nathalie B.},
    number = {1},
    month = {7},
    pages = {769--792},
    volume = {48},
    publisher = {Academic Press},
    url = {https://www.sciencedirect.com/science/article/abs/pii/S0095069603001232},
    doi = {10.1016/J.JEEM.2003.10.005},
    issn = {0095-0696}
}

@misc{EPA2024Draft1990-2022,
    title = {{Draft Inventory of U.S. Greenhouse Gas Emissions and Sinks: 1990-2022}},
    year = {2024},
    author = {{EPA}},
    url = {https://www.epa.gov/ghgemissions/draft-inventory-us-greenhouse-gas-emissions-and-sinks-1990-2022}
}

@article{Roberts2018Drill-BitMarkets,
    title = {{Drill-Bit Parity: Supply-Side Links in Oil and Gas Markets}},
    year = {2018},
    journal = {SSRN Electronic Journal},
    author = {Roberts, Gavin and Gilbert, Ben},
    month = {6},
    publisher = {Elsevier BV},
    url = {https://papers.ssrn.com/abstract=2853118},
    doi = {10.2139/SSRN.2853118},
    keywords = {Ben Gilbert, Crude oil, Drill-Bit Parity: Supply-Side Links in Oil and Gas Markets, Energy, Gavin Roberts, Natural gas, Petroleum, SSRN}
}

@misc{Tabuchi2021DrillersTimes,
    title = {{Drillers Burned Off Gas at a Staggering Rate as Winter Storm Hit Texas - The New York Times}},
    year = {2021},
    booktitle = {New York Times},
    author = {Tabuchi, Hiroko},
    month = {3},
    url = {https://www.nytimes.com/2021/03/26/climate/texas-blackout-flaring-natural-gas.html}
}

@article{Boomhower2019Drilling,
    title = {{Drilling Like There's No Tomorrow: Bankruptcy, Insurance, and Environmental Risk †}},
    year = {2019},
    journal = {American Economic Review},
    author = {Boomhower, Judson},
    number = {2},
    pages = {391--426},
    volume = {109},
    url = {https://doi.org/10.1257/aer.20160346},
    doi = {10.1257/aer.20160346}
}

@misc{DyingGrist,
    title = {{Dying oil companies’ parting gift: millions in cleanup costs | Grist}},
    url = {https://grist.org/energy/abandoned-oil-wells-texas-railroad-commission/}
}

@article{Scott2013DynamicUse,
    title = {{Dynamic Discrete Choice Estimation of Agricultural Land Use}},
    year = {2013},
    author = {Scott, Paul T and De Loecker, Jan and Honor{\'{e}}, Bo and Berry, Steve and Kalouptsidi, Myrto},
    keywords = {agricultural supply estimation, biofuels policy * I am grateful to, dynamic discrete choice, land use change}
}

@article{Gowrisankaran2012DynamicsGoods,
    title = {{Dynamics of Consumer Demand for New Durable Goods}},
    year = {2012},
    journal = {Source: Journal of Political Economy},
    author = {Gowrisankaran, Gautam and Rysman, Marc and Ackerberg, Dan and Aguirregabiria, Victor and Aizcorbe, Ana and Amir, Rabah and Benkard, Lanier and Berry, Steve and Clerides, Sofronis and Erickson, Tim and Gilchrist, Simon and Goldfarb, Avi},
    number = {6},
    pages = {1173--1219},
    volume = {120},
    doi = {10.1086/669540}
}

@article{Tahvonen2009EconomicsPopulations,
    title = {{Economics of harvesting age-structured fish populations}},
    year = {2009},
    journal = {Journal of Environmental Economics and Management},
    author = {Tahvonen, Olli},
    number = {3},
    month = {11},
    pages = {281--299},
    volume = {58},
    publisher = {Academic Press},
    url = {http://www.sciencedirect.com/science/article/pii/S0095069609000515?via%3Dihub},
    doi = {10.1016/J.JEEM.2009.02.001},
    issn = {0095-0696}
}

@article{Yun2017Ecosystem-basedEcosystems.,
    title = {{Ecosystem-based management and the wealth of ecosystems.}},
    year = {2017},
    journal = {Proceedings of the National Academy of Sciences of the United States of America},
    author = {Yun, Seong Do and Hutniczak, Barbara and Abbott, Joshua K and Fenichel, Eli P},
    number = {25},
    month = {6},
    pages = {6539--6544},
    volume = {114},
    publisher = {National Academy of Sciences},
    url = {http://www.ncbi.nlm.nih.gov/pubmed/28588145 http://www.pubmedcentral.nih.gov/articlerender.fcgi?artid=PMC5488918},
    doi = {10.1073/pnas.1617666114},
    issn = {1091-6490},
    pmid = {28588145},
    keywords = {Baltic Sea, fisheries, inclusive wealth, natural capital}
}

@article{Jenn2018EffectivenessStates,
    title = {{Effectiveness of electric vehicle incentives in the United States}},
    year = {2018},
    journal = {Energy Policy},
    author = {Jenn, Alan and Springel, Katalin and Gopal, Anand R.},
    month = {8},
    pages = {349--356},
    volume = {119},
    publisher = {Elsevier},
    url = {https://www.sciencedirect.com/science/article/pii/S0301421518302891},
    doi = {10.1016/J.ENPOL.2018.04.065},
    issn = {0301-4215}
}

@article{Jenn2018EffectivenessStatesb,
    title = {{Effectiveness of electric vehicle incentives in the United States}},
    year = {2018},
    journal = {Energy Policy},
    author = {Jenn, Alan and Springel, Katalin and Gopal, Anand R.},
    month = {8},
    pages = {349--356},
    volume = {119},
    url = {https://linkinghub.elsevier.com/retrieve/pii/S0301421518302891},
    doi = {10.1016/j.enpol.2018.04.065},
    issn = {03014215}
}

@article{Sumner1985EffectsCigarettes,
    title = {{Effects of an Increase in the Federal Excise Tax on Cigarettes}},
    year = {1985},
    journal = {American Journal of Agricultural Economics},
    author = {Sumner, Daniel A. and Wohlgenant, Michael K.},
    number = {2},
    month = {5},
    pages = {235},
    volume = {67},
    publisher = {Oxford University PressAgricultural {\&} Applied Economics Association},
    url = {https://academic.oup.com/ajae/article-lookup/doi/10.2307/1240674},
    doi = {10.2307/1240674},
    issn = {00029092}
}

@article{Muller2009EfficientRight,
    title = {{Efficient Pollution Regulation: Getting the Prices Right}},
    year = {2009},
    journal = {American Economic Review},
    author = {Muller, Nicholas Z. and Mendelsohn, Robert},
    number = {5},
    month = {12},
    pages = {1714--1739},
    volume = {99},
    url = {http://pubs.aeaweb.org/doi/10.1257/aer.99.5.1714},
    doi = {10.1257/aer.99.5.1714},
    issn = {0002-8282}
}

@article{MeganMillikenBivenEliminatingTexas,
    title = {{Eliminating Orphan Wells and Sites in Texas}},
    author = {Megan Milliken Biven, By and Palacios, Virginia}
}

@techreport{Biven2022EliminatingTexas,
    title = {{Eliminating Orphan Wells and Sites in Texas}},
    year = {2022},
    author = {Biven, Megan Milliken and Palacios, Virginia},
    month = {1},
    url = {https://commissionshift.org/wp-content/uploads/2022/01/Eliminating-Orphan-Wells-and-Sites-in-Texas_CommissionShift.pdf},
    institution = {Commission Shift}
}

@article{Zemlick2023EmpiricalBasin,
    title = {{Empirical quantification of methane emission intensity from oil and gas producers in the Permian basin}},
    year = {2023},
    journal = {Environmental Research Letters},
    author = {Zemlick, Katie and Kalhor, Elmira and Thomson, Bruce M and -, al and Khasanov, R and Balabanov, Yu and Hmiel, Benjamin and Lyon, David R and Warren, Jack D and Yu, Jevan and Cusworth, Daniel H and Duren, Riley M and Hamburg, Steven P},
    number = {2},
    month = {1},
    pages = {024029},
    volume = {18},
    publisher = {IOP Publishing},
    url = {https://iopscience.iop.org/article/10.1088/1748-9326/acb27e https://iopscience.iop.org/article/10.1088/1748-9326/acb27e/meta},
    doi = {10.1088/1748-9326/ACB27E},
    issn = {1748-9326},
    keywords = {ESG, aerial remote sensing, methane emissions, oil and gas}
}

@article{Gray2016EmploymentProgram,
    title = {{Employment and Output Leakage under California's Cap-and-Trade Program}},
    year = {2016},
    journal = {Resources for the Future Discussion Paper},
    author = {Gray, Wayne and Linn, Joshua and Morgenstern, Richard},
    url = {http://www.rff.org/files/document/file/RFF-DP-16-17.pdf},
    keywords = {carbon price, competitiveness, leakage}
}

@article{Deryugina2021EnvironmentalTheorem,
    title = {{Environmental applications of the Coase Theorem}},
    year = {2021},
    journal = {Environmental Science and Policy},
    author = {Deryugina, Tatyana and Moore, Frances and Tol, Richard S J},
    pages = {81--88},
    volume = {120},
    url = {https://doi.org/10.1016/j.envsci.2021.03.001},
    doi = {10.1016/j.envsci.2021.03.001}
}

@article{Gerard2009EnvironmentalSequestration,
    title = {{Environmental bonds and the challenge of long-term carbon sequestration}},
    year = {2009},
    journal = {Journal of environmental management},
    author = {Gerard, David and Wilson, Elizabeth J.},
    number = {2},
    month = {2},
    pages = {1097--1105},
    volume = {90},
    publisher = {J Environ Manage},
    url = {https://pubmed.ncbi.nlm.nih.gov/18619728/},
    doi = {10.1016/J.JENVMAN.2008.04.005},
    issn = {0301-4797},
    pmid = {18619728},
    keywords = {Carbon / chemistry*, David Gerard, Elizabeth J Wilson, Environment*, MEDLINE, NCBI, NIH, NLM, National Center for Biotechnology Information, National Institutes of Health, National Library of Medicine, PubMed Abstract, doi:10.1016/j.jenvman.2008.04.005, pmid:18619728}
}

@article{Venkatesh2012EnvironmentalEmissions,
    title = {{Environmental Research Letters Implications of changing natural gas prices in the United States electricity sector for SO 2 , NO X and life cycle GHG emissions Implications of changing natural gas prices in the United States electricity sector for SO 2 , NO X and life cycle GHG emissions}},
    year = {2012},
    journal = {Environ. Res. Lett},
    author = {Venkatesh, Aranya and Jaramillo, Paulina and Griffin, W Michael and Matthews, H Scott},
    pages = {34018--34027},
    volume = {7},
    url = {https://iopscience.iop.org/article/10.1088/1748-9326/7/3/034018/pdf},
    doi = {10.1088/1748-9326/7/3/034018},
    keywords = {coal, dispatch model, electricity, emissions, natural gas}
}

@article{Venkatesh2012EnvironmentalEmissionsb,
    title = {{Environmental Research Letters Implications of changing natural gas prices in the United States electricity sector for SO 2 , NO X and life cycle GHG emissions Implications of changing natural gas prices in the United States electricity sector for SO 2 , NO X and life cycle GHG emissions}},
    year = {2012},
    journal = {Environ. Res. Lett},
    author = {Venkatesh, Aranya and Jaramillo, Paulina and Griffin, W Michael and Matthews, H Scott},
    pages = {34018--34027},
    volume = {7},
    url = {https://iopscience.iop.org/article/10.1088/1748-9326/7/3/034018/pdf},
    doi = {10.1088/1748-9326/7/3/034018},
    keywords = {coal, dispatch model, electricity, emissions, natural gas}
}

@misc{EstimatesEPA,
    title = {{Estimates of Methane Emissions by Segment in the United States | US EPA}},
    url = {https://www.epa.gov/natural-gas-star-program/estimates-methane-emissions-segment-united-states}
}

@article{Galvao2013EstimationEffects,
    title = {{Estimation of Censored Quantile Regression for Panel Data With Fixed Effects}},
    year = {2013},
    journal = {Journal of the American Statistical Association},
    author = {Galvao, Antonio F. and Lamarche, Carlos and Lima, Luiz Renato},
    number = {503},
    month = {9},
    pages = {1075--1089},
    volume = {108},
    publisher = { Taylor {\&} Francis Group },
    url = {http://www.tandfonline.com/doi/abs/10.1080/01621459.2013.818002},
    doi = {10.1080/01621459.2013.818002},
    issn = {0162-1459},
    keywords = {Civil right, Earnings gap, Fixed censoring, Individual heterogeneity, Longitudinal data}
}

@misc{FELL2009Ex-vesselApproach,
    title = {{Ex-vessel Pricing and IFQs: A Strategic Approach}},
    year = {2009},
    booktitle = {Marine Resource Economics},
    author = {FELL, HARRISON},
    pages = {311--328},
    volume = {24},
    publisher = {The University of Chicago Press},
    url = {https://www.jstor.org/stable/pdf/42629660.pdf},
    doi = {10.2307/42629660}
}

@techreport{2010Ex-vesselEconomics,
    title = {{Ex-vessel Pricing and IFQs: A Strategic Approach Author(s): HARRISON FELL Source: Marine Resource Economics}},
    year = {2010},
    url = {https://www.jstor.org/stable/42629660}
}

@article{Covert2015ExperientialShale,
    title = {{Experiential and Social Learning in Firms: The Case of Hydraulic Fracturing in the Bakken Shale}},
    year = {2015},
    journal = {SSRN Electronic Journal},
    author = {Covert, Thomas R.},
    month = {2},
    publisher = {Elsevier BV},
    url = {https://papers.ssrn.com/abstract=2481321},
    doi = {10.2139/SSRN.2481321},
    keywords = {Experiential and Social Learning in Firms: The Case of Hydraulic Fracturing in the Bakken Shale, SSRN, Thomas Covert}
}

@article{Covert2015ExperientialShaleb,
    title = {{Experiential and Social Learning in Firms: The Case of Hydraulic Fracturing in the Bakken Shale}},
    year = {2015},
    journal = {SSRN Electronic Journal},
    author = {Covert, Thomas R.},
    month = {2},
    publisher = {Elsevier BV},
    url = {https://papers.ssrn.com/abstract=2481321},
    doi = {10.2139/SSRN.2481321},
    keywords = {Experiential and Social Learning in Firms: The Case of Hydraulic Fracturing in the Bakken Shale, SSRN, Thomas Covert}
}

@unpublished{Krewski2009ExtendedInstitute,
    title = {{Extended Follow-Up and Spatial Analysis of the American Cancer Society Study Linking Particulate Air Pollution and Mortality | Health Effects Institute}},
    year = {2009},
    author = {Krewski, Daniel and Jerrett, Michael and Burnett, Richard T and Ma, Renjun and Hughes, Edward and Shi, Yuanli and Turner, Michelle C and Pope, C Arden III and Thurston, George and Calle, Eugenia E and Thun, Michael J},
    month = {5},
    url = {https://www.healtheffects.org/publication/extended-follow-and-spatial-analysis-american-cancer-society-study-linking-particulate},
    institution = {Health Effects Institute}
}

@misc{FederalVehicles,
    title = {{Federal Tax Credits for All-Electric and Plug-in Hybrid Vehicles}},
    url = {https://www.fueleconomy.gov/feg/taxevb.shtml}
}

@article{Agerton2023FinancialWaters,
    title = {{Financial liabilities and environmental implications of unplugged wells for the Gulf of Mexico and coastal waters}},
    year = {2023},
    journal = {Nature Energy 2023},
    author = {Agerton, Mark and Narra, Siddhartha and Snyder, Brian and Upton, Gregory B.},
    month = {5},
    pages = {1--12},
    publisher = {Nature Publishing Group},
    url = {https://www.nature.com/articles/s41560-023-01248-1},
    doi = {10.1038/s41560-023-01248-1},
    issn = {2058-7546},
    keywords = {Economics, Energy policy, Environmental economics}
}

@article{Agerton2023FinancialWatersb,
    title = {{Financial liabilities and environmental implications of unplugged wells for the Gulf of Mexico and coastal waters}},
    year = {2023},
    journal = {Nature Energy 2023},
    author = {Agerton, Mark and Narra, Siddhartha and Snyder, Brian and Upton, Gregory B.},
    month = {5},
    pages = {1--12},
    publisher = {Nature Publishing Group},
    url = {https://www.nature.com/articles/s41560-023-01248-1},
    doi = {10.1038/s41560-023-01248-1},
    issn = {2058-7546},
    keywords = {Economics, Energy policy, Environmental economics}
}

@article{Thind2019FineGeography,
    title = {{Fine Particulate Air Pollution from Electricity Generation in the US: Health Impacts by Race, Income, and Geography}},
    year = {2019},
    journal = {Environmental Science and Technology},
    author = {Thind, Maninder P.S. and Tessum, Christopher W. and Azevedo, Inês L. and Marshall, Julian D.},
    number = {23},
    month = {12},
    pages = {14010--14019},
    volume = {53},
    publisher = {American Chemical Society},
    url = {https://pubs.acs.org/doi/abs/10.1021/acs.est.9b02527},
    doi = {10.1021/ACS.EST.9B02527/SUPPL{\_}FILE/ES9B02527{\_}SI{\_}002.XLSX},
    issn = {15205851},
    pmid = {31746196}
}

@article{Goodkind2019Fine-scaleEmissions,
    title = {{Fine-scale damage estimates of particulate matter air pollution reveal opportunities for location-specific mitigation of emissions}},
    year = {2019},
    journal = {Proceedings of the National Academy of Sciences of the United States of America},
    author = {Goodkind, Andrew L. and Tessum, Christopher W. and Coggins, Jay S. and Hill, Jason D. and Marshall, Julian D.},
    number = {18},
    month = {4},
    pages = {8775--8780},
    volume = {116},
    publisher = {National Academy of Sciences},
    url = {https://pmc.ncbi.nlm.nih.gov/articles/PMC6500143/},
    doi = {10.1073/PNAS.1816102116/-/DCSUPPLEMENTAL},
    issn = {10916490},
    pmid = {30962364},
    keywords = {Air pollution, Environmental economics, Marginal damages, Particulate matter}
}

@article{Goodkind2019Fine-scaleEmissionsb,
    title = {{Fine-scale damage estimates of particulate matter air pollution reveal opportunities for location-specific mitigation of emissions}},
    year = {2019},
    journal = {Proceedings of the National Academy of Sciences},
    author = {Goodkind, Andrew L. and Tessum, Christopher W. and Coggins, Jay S. and Hill, Jason D. and Marshall, Julian D.},
    number = {18},
    month = {4},
    pages = {8775--8780},
    volume = {116},
    doi = {10.1073/pnas.1816102116},
    issn = {0027-8424}
}

@misc{TexasRailroadCommissionFlaringFAQs,
    title = {{Flaring Regulation FAQs}},
    author = {{Texas Railroad Commission}},
    url = {https://www.rrc.texas.gov/about-us/faqs/oil-gas-faqs/flaring-regulation/}
}

@misc{Blackmon2021FrackersFlaring,
    title = {{Frackers In Texas, North Dakota Finally Earn Credit For Addressing Flaring}},
    year = {2021},
    booktitle = {Forbes},
    author = {Blackmon, David},
    month = {9},
    url = {https://www.forbes.com/sites/davidblackmon/2021/09/14/frackers-in-texas-north-dakota-finally-earn-credit-for-addressing-flaring/?sh=38b64ee56b92}
}

@article{Marion2011FuelConditions,
    title = {{Fuel Tax Incidence and Supply Conditions}},
    year = {2011},
    journal = {NBER Working Papers},
    author = {Marion, Justin and Muehlegger, Erich},
    publisher = {National Bureau of Economic Research, Inc},
    url = {https://ideas.repec.org/p/nbr/nberwo/16863.html}
}

@article{Allcott2014GASOLINEPARADOX,
    title = {{GASOLINE PRICES, FUEL ECONOMY, AND THE ENERGY PARADOX}},
    year = {2014},
    journal = {The Review of Economics and Statistics},
    author = {Allcott, Hunt and Wozny, Nathan},
    number = {5},
    pages = {779--795},
    volume = {96},
    url = {http://www.mitpressjournals.org/doi/pdf/10.1162/REST_a_00419},
    doi = {10.1162/REST{\_}a{\_}00419}
}

@article{AllcottGASOLINEPARADOX,
    title = {{GASOLINE PRICES, FUEL ECONOMY, AND THE ENERGY PARADOX}},
    author = {Allcott, Hunt and Wozny, Nathan},
    url = {https://www.mitpressjournals.org/doi/pdf/10.1162/REST_a_00419},
    doi = {10.1162/REST{\_}a{\_}00419}
}

@article{Beresteanu2011GASOLINESTATES,
    title = {{GASOLINE PRICES, GOVERNMENT SUPPORT, AND THE DEMAND FOR HYBRID VEHICLES IN THE UNITED STATES*}},
    year = {2011},
    journal = {Source: International Economic Review INTERNATIONAL ECONOMIC REVIEW},
    author = {Beresteanu, Arie and Li, Shanjun and Li1, Shanjun},
    number = {1},
    pages = {161--182},
    volume = {52},
    url = {http://www.jstor.org/stable/23016626 http://www.jstor.org/stable/23016626?seq=1&cid=pdf-reference#references_tab_contents http://about.jstor.org/terms}
}

@article{Hughes2015GettingInitiative,
    title = {{Getting Green with Solar Subsidies: Evidence from the California Solar Initiative}},
    year = {2015},
    journal = {https://doi.org/10.1086/681131},
    author = {Hughes, Jonathan E. and Podolefsky, Molly},
    number = {2},
    month = {6},
    pages = {235--275},
    volume = {2},
    publisher = {University of Chicago PressChicago, IL},
    url = {https://www.journals.uchicago.edu/doi/10.1086/681131},
    doi = {10.1086/681131},
    issn = {23335963},
    keywords = {Q28, Q42, Q52, Renewable energy, Solar, Subsidies}
}

@article{Gallagher2011GivingTechnology,
    title = {{Giving green to get green? Incentives and consumer adoption of hybrid vehicle technology}},
    year = {2011},
    journal = {Journal of Environmental Economics and Management},
    author = {Gallagher, Kelly Sims and Muehlegger, Erich},
    number = {1},
    month = {1},
    pages = {1--15},
    volume = {61},
    publisher = {Academic Press},
    url = {https://www.sciencedirect.com/science/article/pii/S0095069610000768},
    doi = {10.1016/J.JEEM.2010.05.004},
    issn = {0095-0696}
}

@article{Lauvaux2022GlobalUltra-emitters,
    title = {{Global assessment of oil and gas methane ultra-emitters}},
    year = {2022},
    journal = {Science},
    author = {Lauvaux, T. and Giron, C. and Mazzolini, M. and D'Aspremont, A. and Duren, R. and Cusworth, D. and Shindell, D. and Ciais, P.},
    number = {6580},
    month = {2},
    volume = {375},
    publisher = {American Association for the Advancement of Science},
    url = {https://www.science.org/doi/10.1126/science.abj4351},
    doi = {10.1126/SCIENCE.ABJ4351/SUPPL{\_}FILE/SCIENCE.ABJ4351{\_}SM.PDF},
    issn = {10959203},
    pmid = {35113691},
    arxivId = {2105.06387}
}

@article{Chandra2010GreenVehicles,
    title = {{Green drivers or free riders? An analysis of tax rebates for hybrid vehicles}},
    year = {2010},
    journal = {Journal of Environmental Economics and Management},
    author = {Chandra, Ambarish and Gulati, Sumeet and Kandlikar, Milind},
    number = {2},
    month = {9},
    pages = {78--93},
    volume = {60},
    publisher = {Academic Press},
    url = {https://www.sciencedirect.com/science/article/abs/pii/S0095069610000598},
    doi = {10.1016/J.JEEM.2010.04.003},
    issn = {0095-0696}
}

@article{Chandra2010GreenVehiclesb,
    title = {{Green drivers or free riders? An analysis of tax rebates for hybrid vehicles}},
    year = {2010},
    journal = {Journal of Environmental Economics and Management},
    author = {Chandra, Ambarish and Gulati, Sumeet and Kandlikar, Milind},
    pages = {78--93},
    volume = {60},
    url = {www.elsevier.com/locate/jeem},
    doi = {10.1016/j.jeem.2010.04.003},
    keywords = {Carbon policy, Energy efficiency, Hybrid electric vehicles, Tax rebate}
}

@article{Chandra2010GreenVehiclesc,
    title = {{Green drivers or free riders? An analysis of tax rebates for hybrid vehicles}},
    year = {2010},
    journal = {Journal of Environmental Economics and Management},
    author = {Chandra, Ambarish and Gulati, Sumeet and Kandlikar, Milind},
    number = {2},
    month = {9},
    pages = {78--93},
    volume = {60},
    publisher = {Academic Press},
    doi = {10.1016/J.JEEM.2010.04.003},
    issn = {0095-0696},
    keywords = {Carbon policy, Energy efficiency, Hybrid electric vehicles, Tax rebate}
}

@article{Train1999HaltonLogit,
    title = {{Halton Sequences for Mixed Logit}},
    year = {1999},
    author = {Train, Kenneth},
    url = {http://elsa.berkeley.edu/~train.}
}

@techreport{DunkleWerner2020HardVersion,
    title = {{Hard to Measure Well: Can Feasible Policies Reduce Methane Emissions? Click here for most recent version}},
    year = {2020},
    author = {Dunkle Werner, Karl and Qiu, Wenfeng}
}

@article{DunkleWerner2020HardEmissions,
    title = {{Hard to Measure Well: Can Feasible Policies Reduce Methane Emissions? Hard to Measure Well: Can Feasible Policies Reduce Methane Emissions?}},
    year = {2020},
    journal = {Energy Institute as Haas Working Paper},
    author = {Dunkle Werner, Karl and Qiu, Wenfeng},
    url = {https://haas.berkeley.edu/energy-institute/about/funders/.}
}

@article{Tahvonen2017HarvestingFisheries,
    title = {{Harvesting selectivity and stochastic recruitment in economic models of age-structured fisheries}},
    year = {2017},
    journal = {Journal of Environmental Economics and Management},
    author = {Tahvonen, Olli and Quaas, Martin F and Voss, Rüdiger},
    url = {https://ac.els-cdn.com/S0095069616304399/1-s2.0-S0095069616304399-main.pdf?_tid=b13984a6-f588-11e7-86a1-00000aab0f01&acdnat=1515535489_a7d4fdb9bc078e33b5d012349d588f7c},
    doi = {10.1016/j.jeem.2017.08.011},
    keywords = {Age-structured models, MSY, Optimal harvesting, Stochastic fishery, Stochastic programming}
}

@techreport{NOAAHistoricalLimits,
    title = {{Historical South Atlantic Commercial Landings and Catch Limits}},
    author = {{NOAA}},
    url = {http://sero.nmfs.noaa.gov/quotas/mackerel/HistoricalMackerelReports.htm}
}

@article{Anderson2018HotellingPressure,
    title = {{Hotelling under Pressure}},
    year = {2018},
    journal = {Journal of Political Economy},
    author = {Anderson, Soren T. and Kellogg, Ryan and Salant, Stephen W.},
    number = {3},
    month = {6},
    pages = {984--1026},
    volume = {126},
    publisher = {University of Chicago PressChicago, IL},
    url = {https://www.journals.uchicago.edu/doi/10.1086/697203},
    doi = {10.1086/697203},
    issn = {0022-3808}
}

@article{Fullerton1996HouseholdJSTOR,
    title = {{Household Responses to Pricing Garbage by the Bag on JSTOR}},
    year = {1996},
    journal = {The American Economic Review},
    author = {Fullerton, Don and Kinnaman, Thomas C.},
    number = {4},
    volume = {86},
    url = {https://www.jstor.org/stable/2118314?seq=1}
}

@techreport{Green2010HowReview,
    title = {{How consumers value fuel economy: a literature review}},
    year = {2010},
    author = {Green, David L},
    url = {https://nepis.epa.gov/Exe/ZyNET.exe/P1006V0O.txt?ZyActionD=ZyDocument&Client=EPA&Index=2006%20Thru%202010&Docs=&Query=&Time=&EndTime=&SearchMethod=1&TocRestrict=n&Toc=&TocEntry=&QField=&QFieldYear=&QFieldMonth=&QFieldDay=&UseQField=&IntQFieldOp=0&ExtQFiel},
    institution = {EPA}
}

@techreport{Green2010HowReviewb,
    title = {{How Consumers Value Fuel Economy: A Literature Review}},
    year = {2010},
    author = {Green, David L},
    url = {https://nepis.epa.gov/Exe/ZyNET.exe/P1006V0O.TXT?ZyActionD=ZyDocument&Client=EPA&Index=2006+Thru+2010&Docs=&Query=&Time=&EndTime=&SearchMethod=1&TocRestrict=n&Toc=&TocEntry=&QField=&QFieldYear=&QFieldMonth=&QFieldDay=&IntQFieldOp=0&ExtQFieldOp=0&XmlQuery=},
    institution = {EPA}
}

@techreport{Leard2017HowAdoption,
    title = {{How Much Do Consumers Value Fuel Economy and Performance? Evidence from Technology Adoption}},
    year = {2017},
    author = {Leard, Benjamin and Linn, Joshua and Zhou, Yichen Christy},
    url = {http://www.rff.org/files/document/file/RFF-Rpt-WTP_FuelEconomy%26Performance.pdf},
    keywords = {L11, L62, Q41, consumer welfare JEL classification numbers: D12, fuel economy standards, passenger vehicles, technology adoption}
}

@article{Levinson1978HowHouses,
    title = {{How Much Energy Do Building Energy Codes Save? Evidence from California Houses}},
    year = {1978},
    journal = {American Economic Review},
    author = {Levinson, Arik},
    number = {10},
    pages = {2867--2894},
    volume = {106},
    url = {http://dx.doi.org/10.1257/aer.20150102http://www.nytimes.com/2014/04/13/opinion/sunday/friedman-go-ahead-vladimir-make-my-day.html},
    doi = {10.1257/aer.20150102}
}

@misc{HydraulicFracturing,
    title = {{Hydraulic Fracturing}},
    url = {https://www.rrc.texas.gov/about-us/faqs/oil-gas-faqs/hydraulic-fracturing-faqs/}
}

@article{Kang2016IdentificationWells,
    title = {{Identification and characterization of high methane-emitting abandoned oil and gas wells}},
    year = {2016},
    journal = {Proceedings of the National Academy of Sciences of the United States of America},
    author = {Kang, Mary and Christian, Shanna and Celia, Michael A. and Mauzerall, Denise L. and Bill, Markus and Miller, Alana R. and Chen, Yuheng and Conrad, Mark E. and Darrah, Thomas H. and Jackson, Robert B.},
    number = {48},
    month = {11},
    pages = {13636--13641},
    volume = {113},
    publisher = {National Academy of Sciences},
    url = {https://www.pnas.org/doi/abs/10.1073/pnas.1605913113},
    doi = {10.1073/PNAS.1605913113/SUPPL{\_}FILE/PNAS.1605913113.SAPP.PDF},
    issn = {10916490},
    keywords = {Abandoned wells, Climate change, High emitters, Methane emissions, Oil and gas development}
}

@book{2018ImprovingStates,
    title = {{Improving Characterization of Anthropogenic Methane Emissions in the United States}},
    year = {2018},
    booktitle = {Improving Characterization of Anthropogenic Methane Emissions in the United States},
    month = {7},
    publisher = {National Academies Press},
    doi = {10.17226/24987}
}

@article{Gardner2015InFishery,
    title = {{In pursuit of maximum economic yield in an ITQ managed lobster fishery}},
    year = {2015},
    journal = {Fisheries Research},
    author = {Gardner, Caleb and Hartmann, Klaas and Punt, André E and Jennings, Sarah},
    pages = {285--292},
    volume = {161},
    url = {https://ac.els-cdn.com/S0165783614002604/1-s2.0-S0165783614002604-main.pdf?_tid=273f0dc2-d22c-11e7-acef-00000aacb35f&acdnat=1511647454_41204740644d1b8da944a45e3e9b7d2d},
    doi = {10.1016/j.fishres.2014.08.015},
    keywords = {Bioeconomic model, Catch shares, Jasus edwardsii, MEY, TAC}
}

@article{Lewis2023IncentivesRepair,
    title = {{Incentives and Information in Methane Leak Detection and Repair}},
    year = {2023},
    journal = {SSRN Electronic Journal},
    author = {Lewis, Eric and Wang, Jiayang (Lyra) and Ravikumar, Arvind},
    month = {5},
    publisher = {Elsevier BV},
    url = {https://papers.ssrn.com/abstract=4461096},
    doi = {10.2139/SSRN.4461096},
    keywords = {Arvind Ravikumar, Eric Lewis, Incentives and Information in Methane Leak Detection and Repair, Jiayang (Lyra) Wang, SSRN}
}

@article{Ziegler2012IndividualGermany,
    title = {{Individual characteristics and stated preferences for alternative energy sources and propulsion technologies in vehicles: A discrete choice analysis for Germany}},
    year = {2012},
    journal = {Transportation Research Part A},
    author = {Ziegler, Andreas},
    pages = {1372--1385},
    volume = {46},
    url = {https://ac.els-cdn.com/S0965856412000912/1-s2.0-S0965856412000912-main.pdf?_tid=spdf-bad7e163-5cb0-4893-966a-4c962817068d&acdnat=1519749892_2868752691ca3769c79a11c3988e68b9},
    doi = {10.1016/j.tra.2012.05.016},
    keywords = {Alternative energy sources and propulsion technologies in vehicles, Electromobility, Multinomial probit models, Simulated maximum likelihood estimation, Stated preference discrete choice experiment}
}

@article{Hausman1979IndividualDurables,
    title = {{Individual Discount Rates and the Purchase and Utilization of Energy-Using Durables}},
    year = {1979},
    journal = {The Bell Journal of Economics},
    author = {Hausman, Jerry A.},
    number = {1},
    month = {21},
    pages = {33},
    volume = {10},
    publisher = {RAND Corporation},
    url = {http://www.jstor.org/stable/3003318?origin=crossref},
    doi = {10.2307/3003318},
    issn = {0361915X}
}

@article{Newell2015IndividualEfficiency,
    title = {{Individual Time Preferences and Energy Efficiency}},
    year = {2015},
    journal = {NBER Working Paper Series},
    author = {Newell, Richard G and Siikamaki, Juha V},
    url = {http://www.nber.org/papers/w20969.pdf}
}

@article{Steck2018IndustryFracturing,
    title = {{Industry Dynamics with Social Learning: Evidence from Hydraulic Fracturing}},
    year = {2018},
    author = {Steck, Andrew L},
    url = {https://andrewsteck.github.io/uploads/steck_jmp.pdf}
}

@article{Plant2022InefficientMethane,
    title = {{Inefficient and unlit natural gas flares both emit large quantities of methane}},
    year = {2022},
    journal = {Science},
    author = {Plant, Genevieve and Kort, Eric A. and Brandt, Adam R. and Chen, Yuanlei and Fordice, Graham and Gorchov Negron, Alan M. and Schwietzke, Stefan and Smith, Mackenzie and Zavala-Araiza, Daniel},
    number = {6614},
    month = {9},
    pages = {1566--1571},
    volume = {377},
    publisher = {American Association for the Advancement of Science (AAAS)},
    url = {https://www.science.org/doi/10.1126/science.abq0385},
    doi = {10.1126/SCIENCE.ABQ0385/SUPPL{\_}FILE/SCIENCE.ABQ0385{\_}SM.PDF},
    issn = {0036-8075},
    pmid = {36173866}
}

@article{Haile2003InferenceAuctions,
    title = {{Inference with an Incomplete Model of English Auctions}},
    year = {2003},
    journal = {Journal of Political Economy},
    author = {Haile, Philip A and Tamer, Elie},
    number = {1},
    volume = {111}
}

@article{Feenstra2017InferringModelling,
    title = {{Inferring absolute recruitment and legal size population numbers of southern rock lobster (Jasus edwardsii) in South Australia's Southern Zone fishery using extended forms of depletion modelling}},
    year = {2017},
    journal = {Fisheries Research},
    author = {Feenstra, John and Punt, André E. and McGarvey, Richard},
    month = {7},
    pages = {164--178},
    volume = {191},
    publisher = {Elsevier},
    url = {http://www.sciencedirect.com/science/article/pii/S0165783617300565},
    doi = {10.1016/J.FISHRES.2017.02.019},
    issn = {0165-7836}
}

@article{Cullen2017InferringRevolution,
    title = {{Inferring Carbon Abatement Costs in Electricity Markets: A Revealed Preference Approach Using the Shale Revolution}},
    year = {2017},
    journal = {American Economic Journal: Economic Policy},
    author = {Cullen, Joseph A. and Mansur, Erin T.},
    number = {3},
    month = {8},
    pages = {106--133},
    volume = {9},
    url = {http://pubs.aeaweb.org/doi/10.1257/pol.20150388},
    doi = {10.1257/pol.20150388},
    issn = {1945-7731}
}

@techreport{CongressionalResearchService2022InflationBrief,
    title = {{Inflation Reduction Act Methane Emissions Charge: In Brief}},
    year = {2022},
    author = {{Congressional Research Service}},
    url = {https://crsreports.congress.gov/product/pdf/R/R47206},
    institution = {Congressional Research Service}
}

@article{Tessum2017InMAP:Interventions,
    title = {{InMAP: A model for air pollution interventions}},
    year = {2017},
    journal = {PLOS ONE},
    author = {Tessum, Christopher W. and Hill, Jason D. and Marshall, Julian D.},
    number = {4},
    month = {4},
    pages = {e0176131},
    volume = {12},
    publisher = {Public Library of Science},
    url = {https://journals.plos.org/plosone/article?id=10.1371/journal.pone.0176131},
    isbn = {1111111111},
    doi = {10.1371/JOURNAL.PONE.0176131},
    issn = {1932-6203},
    pmid = {28423049},
    keywords = {Advection, Air pollution, Air quality, Combined bisulfite restriction analysis, Particulates, Power grids, Preprocessing, Simulation and modeling}
}

@article{Varon2022IntegratedObservations,
    title = {{Integrated Methane Inversion (IMI 1.0): a user-friendly, cloud-based facility for inferring high-resolution methane emissions from TROPOMI satellite observations}},
    year = {2022},
    journal = {Geoscientific Model Development},
    author = {Varon, Daniel J. and Jacob, Daniel J. and Sulprizio, Melissa and Estrada, Lucas A. and Downs, William B. and Shen, Lu and Hancock, Sarah E. and Nesser, Hannah and Qu, Zhen and Penn, Elise and Chen, Zichong and Lu, Xiao and Lorente, Alba and Tewari, Ashutosh and Randles, Cynthia A.},
    number = {14},
    month = {7},
    pages = {5787--5805},
    volume = {15},
    publisher = {Copernicus GmbH},
    doi = {10.5194/GMD-15-5787-2022},
    issn = {19919603}
}

@article{Varon2022IntegratedObservationsb,
    title = {{Integrated Methane Inversion (IMI 1.0): a user-friendly, cloud-based facility for inferring high-resolution methane emissions from TROPOMI satellite observations}},
    year = {2022},
    journal = {Geoscientific Model Development},
    author = {Varon, Daniel J. and Jacob, Daniel J. and Sulprizio, Melissa and Estrada, Lucas A. and Downs, William B. and Shen, Lu and Hancock, Sarah E. and Nesser, Hannah and Qu, Zhen and Penn, Elise and Chen, Zichong and Lu, Xiao and Lorente, Alba and Tewari, Ashutosh and Randles, Cynthia A.},
    number = {14},
    month = {7},
    pages = {5787--5805},
    volume = {15},
    publisher = {Copernicus GmbH},
    doi = {10.5194/GMD-15-5787-2022},
    issn = {19919603}
}

@article{Cusworth2021IntermittencyBasin,
    title = {{Intermittency of Large Methane Emitters in the Permian Basin}},
    year = {2021},
    journal = {Environmental Science {\&} Technology Letters},
    author = {Cusworth, Daniel H. and Duren, Riley M. and Thorpe, Andrew K. and Olson-Duvall, Winston and Heckler, Joseph and Chapman, John W. and Eastwood, Michael L. and Helmlinger, Mark C. and Green, Robert O. and Asner, Gregory P. and Dennison, Philip E. and Miller, Charles E.},
    number = {7},
    month = {7},
    pages = {567--573},
    volume = {8},
    publisher = {American Chemical Society},
    url = {https://pubs.acs.org/doi/full/10.1021/acs.estlett.1c00173},
    doi = {10.1021/ACS.ESTLETT.1C00173}
}

@article{ZHAI2009InternationalAsia,
    title = {{International Benefit Transfer Related to Coastal Zones: Evidence from Northeast Asia}},
    year = {2009},
    journal = {Marine Resource Economics},
    author = {ZHAI, GUOFANG and SUZUKI, TAKESHI},
    number = {2},
    month = {1},
    pages = {171--186},
    volume = {24},
    url = {http://www.journals.uchicago.edu/doi/10.1086/mre.24.2.42731378},
    doi = {10.1086/mre.24.2.42731378},
    issn = {0738-1360}
}

@article{U.S.EnvironmentalProtectionAgency2022InventoryWells,
    title = {{Inventory of U.S. Greenhouse Gas Emissions and Sinks 1990-2020: Updates for Abandoned Oil and Gas Wells}},
    year = {2022},
    author = {{U.S. Environmental Protection Agency}},
    month = {4},
    url = {https://www.epa.gov/system/files/documents/2021-09/2022-ghgi-update-abandoned-wells_sept-2021.pdf},
    keywords = {GHGI, abandoned wells, inventory update, methane emissions}
}

@misc{U.S.EnvironmentalProtectionAgencyInventoryEPA,
    title = {{Inventory of U.S. Greenhouse Gas Emissions and Sinks: 1990-2019 | US EPA}},
    author = {{U.S. Environmental Protection Agency}},
    month = {4},
    url = {https://www.epa.gov/ghgemissions/inventory-us-greenhouse-gas-emissions-and-sinks-1990-2019}
}

@article{Brownstone2000JointVehicles,
    title = {{Joint mixed logit models of stated and revealed preferences for alternative-fuel vehicles}},
    year = {2000},
    journal = {Transportation Research Part B: Methodological },
    author = {Brownstone, David and Bunch, David and Train, Kenneth},
    number = {5},
    pages = {315--338},
    volume = {34},
    url = {https://www.sciencedirect.com/science/article/pii/S0191261599000314}
}

@book{AssociationofEnvironmentalandResourceEconomistsU.S.1996JournalManagement.,
    title = {{Journal of environmental economics and management.}},
    year = {1996},
    booktitle = {Journal of Environmental Economics and Management},
    author = {Association of Environmental and Resource Economists (U.S.), Jonathan D. and {Rubin} and D., Jonathan},
    number = {3},
    pages = {269--286},
    volume = {31},
    publisher = {Academic Press},
    url = {https://econpapers.repec.org/article/eeejeeman/v_3a31_3ay_3a1996_3ai_3a3_3ap_3a269-286.htm},
    issn = {0095-0696}
}

@book{AssociationofEnvironmentalandResourceEconomistsU.S.2004JournalManagement.,
    title = {{Journal of environmental economics and management.}},
    year = {2004},
    booktitle = {Journal of Environmental Economics and Management},
    author = {Association of Environmental and Resource Economists (U.S.), Anna and Cropper, Maureen L. and Krupnick, Alan J. and Simon, N.B.Nathalie B. and Alberini, Anna and Cropper, Maureen and Krupnick, Alan and Simon, N.B.Nathalie B.},
    number = {1},
    pages = {769--792},
    volume = {48},
    publisher = {Academic Press},
    url = {https://econpapers.repec.org/article/eeejeeman/v_3a48_3ay_3a2004_3ai_3a1_3ap_3a769-792.htm},
    issn = {0095-0696}
}

@article{Coller2012LatentBehavior,
    title = {{Latent process heterogeneity in discounting behavior Latent process heterogeneity i discounting behavior}},
    year = {2012},
    journal = {Source: Oxford Economic Papers},
    author = {Coller, Maribeth and Harrison, Glenn W and Rutstr{\"{o}}m, E Elisabet and Rutstr{\"{o}}mj, E Elisabet},
    number = {2},
    pages = {375--391},
    volume = {64},
    url = {http://www.jstor.org/stable/41421502 http://about.jstor.org/terms},
    keywords = {C91, D91, JEL classifications}
}

@article{Kellogg2011LearningOilpatch,
    title = {{Learning by Drilling: Interfirm Learning and Relationship Persistence in the Texas Oilpatch}},
    year = {2011},
    journal = {The Quarterly Journal of Economics},
    author = {Kellogg, Ryan},
    number = {4},
    month = {11},
    pages = {1961--2004},
    volume = {126},
    publisher = {Oxford Academic},
    url = {https://academic.oup.com/qje/article/126/4/1961/1923758},
    doi = {10.1093/QJE/QJR039},
    issn = {0033-5533}
}

@misc{TheLobsterInstituteLifeReproduction,
    title = {{Life Cycle and Reproduction}},
    author = {{The Lobster Institute}},
    url = {http://umaine.edu/lobsterinstitute/education/life-of-the-american-lobster/life-cycle-reproduction/}
}

@techreport{Callaway2018LocationResources,
    title = {{Location, Location, Location: The Variable Value of Renewable Energy and Demand-side Efficiency Resources Location, location, location: The variable value of renewable energy and demand-side efficiency resources}},
    year = {2018},
    booktitle = {Journal of the Association of Environmental and Resource Economists},
    author = {Callaway, Duncan and Fowlie, Meredith and Mccormick, Gavin},
    number = {1},
    pages = {39--75},
    volume = {5},
    url = {http://www.pewenvironment.}
}

@article{Ho2018ManagingStates,
    title = {{Managing Environmental Liability: An Evaluation of Bonding Requirements for Oil and Gas Wells in the United States}},
    year = {2018},
    journal = {Environmental Science and Technology},
    author = {Ho, Jacqueline S. and Shih, Jhih Shyang and Muehlenbachs, Lucija A. and Munnings, Clayton and Krupnick, Alan J.},
    number = {7},
    month = {4},
    pages = {3908--3916},
    volume = {52},
    publisher = {American Chemical Society},
    url = {https://pubs.acs.org/doi/abs/10.1021/acs.est.7b06609},
    doi = {10.1021/ACS.EST.7B06609/SUPPL{\_}FILE/ES7B06609{\_}SI{\_}001.PDF},
    issn = {15205851},
    pmid = {29533660}
}

@misc{U.S.EnergyInformationAdministration2021Maps:Administration,
    title = {{Maps: Oil and Gas Exploration, Resources, and Production - Energy Information Administration}},
    year = {2021},
    author = {{U.S. Energy Information Administration}},
    url = {https://www.eia.gov/maps/maps.htm}
}

@article{Davis2012Market,
    title = {{Market Impacts of a Nuclear Power Plant Closure †}},
    year = {2012},
    journal = {American Economic Journal: Applied Economics},
    author = {Davis, Lucas and Hausman, Catherine},
    number = {2},
    pages = {92--122},
    volume = {8},
    url = {http://dx.doi.org/10.1257/app.20140473},
    doi = {10.1257/app.20140473}
}

@article{Valcu2013Markov-PerfectFisheries,
    title = {{Markov-Perfect Rent Dissipation in Rights-Based Fisheries}},
    year = {2013},
    journal = {Source: Marine Resource Economics},
    author = {Valcu, Adriana and Weninger, Quinn},
    number = {2},
    pages = {111--131},
    volume = {28},
    url = {https://www.jstor.org/stable/pdf/10.5950/0738-1360-28.2.111.pdf?refreqid=excelsior%3A48fd7953f2579a9ffce107992160d9e1},
    doi = {10.5950/0738-1360-28.2.111}
}

@article{2015MaximumControl,
    title = {{Maximum economic yield of the western rock lobster fishery of Western Australia after moving from effort to quota control}},
    year = {2015},
    journal = {Marine Policy},
    month = {1},
    pages = {452--464},
    volume = {51},
    publisher = {Pergamon},
    url = {http://www.sciencedirect.com/science/article/pii/S0308597X14002681?via%3Dihub},
    doi = {10.1016/J.MARPOL.2014.10.006},
    issn = {0308-597X}
}

@article{Caputi2015MaximumControl,
    title = {{Maximum economic yield of the western rock lobster fishery of Western Australia after moving from effort to quota control}},
    year = {2015},
    journal = {Marine Policy},
    author = {Caputi, Nick and de Lestang, Simon and Reid, Chris and Hesp, Alex and How, Jason},
    month = {1},
    pages = {452--464},
    volume = {51},
    publisher = {Pergamon},
    url = {http://www.sciencedirect.com/science/article/pii/S0308597X14002681?via%3Dihub},
    doi = {10.1016/J.MARPOL.2014.10.006},
    issn = {0308-597X}
}

@misc{Henningsen2011MaxLik,
    title = {{maxLik}},
    year = {2011},
    booktitle = {Computational Statistics},
    author = {Henningsen, Arne and Toomet, Ott},
    number = {3},
    pages = {},
    volume = {26},
    publisher = {CRAN},
    url = {https://cran.r-project.org/web/packages/maxLik/index.html},
    doi = {10.1007/s00180-010-0217-1}
}

@article{Avalos2016MeasuringIntegration,
    title = {{Measuring the effects of natural gas pipeline constraints on regional pricing and market integration}},
    year = {2016},
    journal = {Energy Economics},
    author = {Avalos, Roger and Fitzgerald, Timothy and Rucker, Randal R.},
    doi = {10.1016/j.eneco.2016.09.017},
    issn = {01409883},
    keywords = {Market integration, Natural gas, Pipeline congestion, Pipelines}
}

@article{Fenichel2016MeasuringCapital.,
    title = {{Measuring the value of groundwater and other forms of natural capital.}},
    year = {2016},
    journal = {Proceedings of the National Academy of Sciences of the United States of America},
    author = {Fenichel, Eli P and Abbott, Joshua K and Bayham, Jude and Boone, Whitney and Haacker, Erin M K and Pfeiffer, Lisa},
    number = {9},
    month = {3},
    pages = {2382--7},
    volume = {113},
    publisher = {National Academy of Sciences},
    url = {http://www.ncbi.nlm.nih.gov/pubmed/26858431 http://www.pubmedcentral.nih.gov/articlerender.fcgi?artid=PMC4780598},
    doi = {10.1073/pnas.1513779113},
    issn = {1091-6490},
    pmid = {26858431},
    keywords = {comprehensive wealth, genuine investment, groundwater, inclusive wealth, sustainability}
}

@article{Joskow2005MerchantInvestment,
    title = {{Merchant Transmission Investment}},
    year = {2005},
    journal = {The Journal of Industrial Economics},
    author = {Joskow, Paul and Tirole, Jean},
    number = {2},
    month = {6},
    pages = {233--264},
    volume = {LIII},
    url = {http://www.blackwellpublishing.com/journal.asp?ref=0022-1821orhttp://www.blackwell-synergy.com.}
}

@misc{IEAMethaneIEA,
    title = {{Methane abatement options – Methane Tracker 2020 – Analysis - IEA}},
    author = {{IEA}},
    url = {https://www.iea.org/reports/methane-tracker-2020/methane-abatement-options}
}

@article{Williams2021MethaneStates,
    title = {{Methane Emissions from Abandoned Oil and Gas Wells in Canada and the United States}},
    year = {2021},
    journal = {Environmental Science and Technology},
    author = {Williams, James P. and Regehr, Amara and Kang, Mary},
    number = {1},
    month = {1},
    pages = {563--570},
    volume = {55},
    publisher = {American Chemical Society},
    url = {https://pubs.acs.org/doi/abs/10.1021/acs.est.0c04265},
    doi = {10.1021/ACS.EST.0C04265/SUPPL{\_}FILE/ES0C04265{\_}SI{\_}001.PDF},
    issn = {15205851},
    pmid = {33322902}
}

@misc{MethaneSAT,
    title = {{MethaneSAT}},
    url = {https://www.methanesat.org/satellite/}
}

@article{2021MethodologyAnalysis,
    title = {{Methodology for EDF's Permian Methane Analysis Project (PermianMAP) Data Collection and Analysis}},
    year = {2021}
}

@techreport{EDF2022MethodologyAnalysis,
    title = {{Methodology for EDF's Permian Methane Analysis Project (PermianMAP) Data Collection and Analysis}},
    year = {2022},
    author = {{EDF}},
    month = {3},
    url = {https://www.edf.org/sites/default/files/documents/PermianMapMethodology_1.pdf}
}

@article{Revelt1998MixedLevel,
    title = {{Mixed Logit with Repeated Choices: Households' Choices of Appliance Efficiency Level}},
    year = {1998},
    journal = {Review of Economics and Statistics},
    author = {Revelt, David and Train, Kenneth},
    number = {4},
    month = {11},
    pages = {647--657},
    volume = {80},
    url = {http://www.mitpressjournals.org/doi/10.1162/003465398557735},
    doi = {10.1162/003465398557735},
    issn = {0034-6535}
}

@article{McGarvey2004ModelFishery,
    title = {{Model comparison of seasonal closure and maximum size for management of the South Australian Snapper fishery}},
    year = {2004},
    journal = {Ecological Management and Restoration},
    author = {McGarvey, Richard},
    number = {2},
    month = {8},
    pages = {138--140},
    volume = {5},
    publisher = {Blackwell Science Pty},
    url = {http://doi.wiley.com/10.1111/j.1442-8903.2004.201-5.x},
    doi = {10.1111/j.1442-8903.2004.201-5.x},
    issn = {1442-7001}
}

@article{Devereux2003MonetaryFlexibility,
    title = {{Monetary Policy in the Open Economy Revisited: Price Setting and Exchange-Rate Flexibility}},
    year = {2003},
    journal = {Review of Economic Studies},
    author = {Devereux, Michael B. and Engel, Charles},
    number = {4},
    month = {10},
    pages = {765--783},
    volume = {70},
    publisher = {Narnia},
    url = {https://academic.oup.com/restud/article-lookup/doi/10.1111/1467-937X.00266},
    doi = {10.1111/1467-937X.00266},
    issn = {0034-6527}
}

@article{Krupnick2007Mortality-riskEvidence,
    title = {{Mortality-risk Valuation and Age: Stated Preference Evidence}},
    year = {2007},
    journal = {Review of Environmental Economics and Policy},
    author = {Krupnick, A.},
    number = {2},
    month = {1},
    pages = {261--282},
    volume = {1},
    publisher = {Oxford University Press},
    url = {https://academic.oup.com/reep/article-lookup/doi/10.1093/reep/rem016},
    doi = {10.1093/reep/rem016},
    issn = {1750-6816}
}

@article{Fenichel2014NaturalMeasurement,
    title = {{Natural Capital: From Metaphor to Measurement}},
    year = {2014},
    journal = {Journal of the Association of Environmental and Resource Economists},
    author = {Fenichel, Eli P. and Abbott, Joshua K.},
    number = {1/2},
    month = {3},
    pages = {1--27},
    volume = {1},
    url = {https://www.journals.uchicago.edu/doi/10.1086/676034},
    doi = {10.1086/676034},
    issn = {2333-5955}
}

@misc{U.S.EnergyInformationAdministration2021NaturalFlared,
    title = {{Natural Gas Vented and Flared}},
    year = {2021},
    author = {{U.S. Energy Information Administration}},
    url = {https://www.eia.gov/dnav/ng/ng_prod_sum_a_EPG0_VGV_mmcf_a.htm}
}

@misc{EIA2020NaturalEIA,
    title = {{Natural gas venting and flaring in North Dakota and Texas increased in 2019 - Today in Energy - U.S. Energy Information Administration (EIA)}},
    year = {2020},
    booktitle = {Today in Energy},
    author = {{EIA}},
    url = {https://www.eia.gov/todayinenergy/detail.php?id=46176}
}

@article{Joskow2013NaturalStates,
    title = {{Natural Gas: From Shortages to Abundance in the United States}},
    year = {2013},
    journal = {American Economic Review},
    author = {Joskow, Paul L},
    number = {3},
    month = {5},
    pages = {338--343},
    volume = {103},
    url = {http://pubs.aeaweb.org/doi/10.1257/aer.103.3.338},
    doi = {10.1257/aer.103.3.338},
    issn = {0002-8282}
}

@misc{91Tex.NaturalResourcesCode104NATURAL91,
    title = {{NATURAL RESOURCES CODE CHAPTER 91}},
    author = {{91 Tex. Natural Resources Code {\S} 104}},
    url = {https://statutes.capitol.texas.gov/Docs/NR/htm/NR.91.htm}
}

@techreport{Archsmith2017NBERPortfolios,
    title = {{NBER WORKING PAPER SERIES ATTRIBUTE SUBSTITUTION IN HOUSEHOLD VEHICLE PORTFOLIOS Attribute Substitution in Household Vehicle Portfolios}},
    year = {2017},
    author = {Archsmith, James and Gillingham, Kenneth and Knittel, Christopher R and Rapson, David S},
    url = {http://www.nber.org/papers/w23856}
}

@article{Fetter2018NBERGAS,
    title = {{NBER WORKING PAPER SERIES LEARNING BY VIEWING? SOCIAL LEARNING, REGULATORY DISCLOSURE, AND FIRM PRODUCTIVITY IN SHALE GAS}},
    year = {2018},
    author = {Fetter, T Robert and Steck, Andrew L and Timmins, Christopher and Wrenn, Douglas and State, Penn},
    url = {http://www.nber.org/papers/w25401}
}

@techreport{Knittel2015NBERMarkets,
    title = {{NBER WORKING PAPER SERIES NATURAL GAS PRICES AND COAL DISPLACEMENT: EVIDENCE FROM ELECTRICITY MARKETS We thank Natural Gas Prices and Coal Displacement: Evidence from Electricity Markets}},
    year = {2015},
    author = {Knittel, Christopher R and Metaxoglou, Konstantinos and Trindade, Andre and Barmack, Matt and Borenstein, Severin and Bushnell, Jim and Cicala, Steve and Cullen, Joe and Gray, Wayne and Mansur, Erin and Schmalensee, Richard and Smith, Aaron and Wolak, Frank and Wolfram, Catherine and Fundacao, Andre Trindade and Vargas, Getulio and Epge, /},
    url = {http://www.nber.org/papers/w21627}
}

@techreport{Sallee2013NBEREFFICIENCY,
    title = {{NBER WORKING PAPER SERIES RATIONAL INATTENTION AND ENERGY EFFICIENCY}},
    year = {2013},
    author = {Sallee, James M},
    url = {http://www.nber.org/papers/w19545}
}

@techreport{Sallee2013NBEREFFICIENCYb,
    title = {{NBER WORKING PAPER SERIES RATIONAL INATTENTION AND ENERGY EFFICIENCY}},
    year = {2013},
    author = {Sallee, James M},
    url = {http://www.nber.org/papers/w19545}
}

@article{Covert2019NBERLEASING,
    title = {{NBER WORKING PAPER SERIES RELINQUISHING RICHES: AUCTIONS VS INFORMAL NEGOTIATIONS IN TEXAS OIL AND GAS LEASING}},
    year = {2019},
    author = {Covert, Thomas R and Sweeney, Richard L},
    url = {https://github.com/rlsweeney/public_cs_texas}
}

@article{Aldy2011NBERPolicies,
    title = {{NBER WORKING PAPER SERIES THE COMPETITIVENESS IMPACTS OF CLIMATE CHANGE MITIGATION POLICIES The Competitiveness Impacts of Climate Change Mitigation Policies}},
    year = {2011},
    author = {Aldy, Joseph E and Pizer, William A and Diringer, Elliot and Heutel, Garth and Houser, Trevor and Levinson, Arik and Lewis, Joanna and Lin, Steve and Mcausland, Carol and Popp, David},
    url = {http://www.nber.org/papers/w17705},
    keywords = {Environmental and Energy Economics, International Trade and Investment}
}

@techreport{Gentzkow2006NBERNEWSPAPERS,
    title = {{NBER WORKING PAPER SERIES VALUING NEW GOODS IN A MODEL WITH COMPLEMENTARITIES: ONLINE NEWSPAPERS}},
    year = {2006},
    author = {Gentzkow, Matthew},
    url = {http://www.nber.org/papers/w12562}
}

@techreport{U.S.DepartmentofEnergy2022NewRegulations,
    title = {{New Mexico Natural Gas Flaring and Venting Regulations}},
    year = {2022},
    author = {{U.S. Department of Energy}},
    url = {https://www.energy.gov/sites/default/files/2022-06/NewMexico-state-profile.pdf}
}

@article{Diekert2010Non-cooperativeFishery,
    title = {{Non-cooperative exploitation of multi-cohort fisheries—The role of gear selectivity in the North-East Arctic cod fishery}},
    year = {2010},
    journal = {Resource and Energy Economics},
    author = {Diekert, Florian K. and Hjermann, Dag Ø. and N{\ae}vdal, Eric and Stenseth, Nils Chr.},
    number = {1},
    month = {1},
    pages = {78--92},
    volume = {32},
    publisher = {North-Holland},
    url = {http://www.sciencedirect.com/science/article/pii/S0928765509000402?via%3Dihub},
    doi = {10.1016/J.RESENEECO.2009.09.002},
    issn = {0928-7655}
}

@techreport{ICF2018NorthContinues,
    title = {{North America Midstream Infrastructure through 2035: Significant Development Continues}},
    year = {2018},
    author = {{ICF}},
    month = {6},
    url = {https://www.ingaa.org/File.aspx?id=34658}
}

@article{Newell2013NudgingLabels,
    title = {{Nudging Energy Efficiency Behavior: The Role of Information Labels}},
    year = {2013},
    author = {Newell, Richard G and Siikam{\"{a}}ki, Juha V and Siikam{\"{a}}ki, Juha},
    url = {http://www.nber.org/papers/w19224}
}

@article{Newell2014NudgingLabels,
    title = {{Nudging Energy Efficiency Behavior: The Role of Information Labels}},
    year = {2014},
    journal = {Journal of the Association of Environmental and Resource Economists},
    author = {Newell, Richard G. and Siikam{\"{a}}ki, Juha},
    number = {4},
    month = {12},
    pages = {555--598},
    volume = {1},
    publisher = {University of Chicago PressChicago, IL},
    url = {http://www.journals.uchicago.edu/doi/10.1086/679281},
    doi = {10.1086/679281},
    issn = {2333-5955},
    keywords = {C91, Choice experiment, D12, D83, D91, Discounting, Energy efficiency behavior, Gap, H43, Information label, Q41, Q48, Time preference gap}
}

@article{Dichmont2010OnFisheries.,
    title = {{On implementing maximum economic yield in commercial fisheries.}},
    year = {2010},
    journal = {Proceedings of the National Academy of Sciences of the United States of America},
    author = {Dichmont, C M and Pascoe, S and Kompas, T and Punt, A E and Deng, R},
    number = {1},
    month = {1},
    pages = {16--21},
    volume = {107},
    publisher = {National Academy of Sciences},
    url = {http://www.ncbi.nlm.nih.gov/pubmed/20018676 http://www.pubmedcentral.nih.gov/articlerender.fcgi?artid=PMC2806725},
    doi = {10.1073/pnas.0912091107},
    issn = {1091-6490},
    pmid = {20018676}
}

@techreport{SmithOnFishing,
    title = {{On Models of Commercial Fishing}},
    booktitle = {Source: Journal of Political Economy},
    author = {Smith, Vernon L},
    number = {2},
    pages = {181--198},
    volume = {77},
    url = {https://www.jstor.org/stable/pdf/1829764.pdf?refreqid=excelsior%3A34c46fa672f92c9f26c1cec117e372d4}
}

@article{TAHVONEN2009OptimalPopulations,
    title = {{Optimal Harvesting of Age-structured Fish Populations}},
    year = {2009},
    journal = {Marine Resource Economics},
    author = {TAHVONEN, OLLI},
    number = {2},
    month = {1},
    pages = {147--169},
    volume = {24},
    url = {http://www.journals.uchicago.edu/doi/10.1086/mre.24.2.42731377},
    doi = {10.1086/mre.24.2.42731377},
    issn = {0738-1360}
}

@article{Rust1987OptimalZurcher,
    title = {{Optimal Replacement of GMC Bus Engines: An Empirical Model of Harold Zurcher}},
    year = {1987},
    journal = {Econometrica},
    author = {Rust, John},
    number = {5},
    month = {9},
    pages = {999},
    volume = {55},
    publisher = {JSTOR},
    doi = {10.2307/1911259},
    issn = {00129682}
}

@article{Sergi2020OptimizingBenefits,
    title = {{Optimizing Emissions Reductions from the U.S. Power Sector for Climate and Health Benefits}},
    year = {2020},
    journal = {Environmental Science and Technology},
    author = {Sergi, Brian J. and Adams, Peter J. and Adams, Peter J. and Muller, Nicholas Z. and Muller, Nicholas Z. and Muller, Nicholas Z. and Robinson, Allen L. and Robinson, Allen L. and Davis, Steven J. and Davis, Steven J. and Marshall, Julian D. and Azevedo, Inês L.},
    number = {12},
    month = {6},
    pages = {7513--7523},
    volume = {54},
    publisher = {American Chemical Society},
    url = {https://pubs.acs.org/doi/abs/10.1021/acs.est.9b06936},
    doi = {10.1021/ACS.EST.9B06936/SUPPL{\_}FILE/ES9B06936{\_}SI{\_}002.PDF},
    issn = {15205851},
    pmid = {32392045}
}

@article{Paddock1988OptionLeases,
    title = {{Option valuation of claims on real assets: The case of offshore petroleum leases}},
    year = {1988},
    journal = {Quarterly Journal of Economics},
    author = {Paddock, James L. and Siegel, Daniel R. and Smith, James L.},
    number = {3},
    pages = {479--508},
    volume = {103},
    doi = {10.2307/1885541},
    issn = {15314650}
}

@article{Paddock1988OptionLeasesb,
    title = {{Option valuation of claims on real assets: The case of offshore petroleum leases}},
    year = {1988},
    journal = {Quarterly Journal of Economics},
    author = {Paddock, James L. and Siegel, Daniel R. and Smith, James L.},
    number = {3},
    pages = {479--508},
    volume = {103},
    doi = {10.2307/1885541},
    issn = {15314650}
}

@article{Fabra2014Pass-ThroughMarkets,
    title = {{Pass-Through of Emissions Costs in Electricity Markets}},
    year = {2014},
    journal = {American Economic Review},
    author = {Fabra, Natalia and Reguant, Mar},
    number = {9},
    month = {9},
    pages = {2872--2899},
    volume = {104},
    url = {http://pubs.aeaweb.org/doi/10.1257/aer.104.9.2872},
    doi = {10.1257/aer.104.9.2872},
    issn = {0002-8282}
}

@misc{PermianMAPResults,
    title = {{PermianMAP (Methane Analysis Project) | Flaring Aerial Survey Results}},
    url = {https://www.permianmap.org/flaring-emissions/}
}

@article{Rochet2003PlatformMarkets,
    title = {{Platform Competition in Two-Sided Markets}},
    year = {2003},
    journal = {Journal of the European Economic Association},
    author = {Rochet, Jean Charles and Tirole, Jean},
    number = {4},
    month = {6},
    pages = {990--1029},
    volume = {1},
    publisher = {Oxford Academic},
    url = {https://academic.oup.com/jeea/article/1/4/990/2280902},
    doi = {10.1162/154247603322493212},
    issn = {1542-4766}
}

@article{Sandalow2018Plug-InVehicles,
    title = {{Plug-In Electric Vehicles}},
    year = {2018},
    author = {Sandalow, David B and Woolsey, R James and Shah, Saurin D and Lodal, Jan and Tonachel, Luke and Wellinghoff, Jon},
    url = {https://muse-jhu-edu.proxy-um.researchport.umd.edu/chapter/194318}
}

@article{SandalowPlug-InVehicles,
    title = {{Plug-In Electric Vehicles}},
    author = {Sandalow, David B and Woolsey, R James and Shah, Saurin D and Lodal, Jan and Tonachel, Luke and Wellinghoff, Jon},
    url = {https://muse-jhu-edu.proxy-um.researchport.umd.edu/chapter/194319}
}

@unpublished{Shawhan2024PoliciesAmericans,
    title = {{Policies for Reducing the Impacts of Power Sector Air Pollution on Disadvantaged Americans}},
    year = {2024},
    author = {Shawhan, Daniel and Robson, Sally and Russell, Ethan and Varela, Ana},
    month = {9},
    url = {https://www.rff.org/publications/working-papers/policies-for-reducing-the-impacts-of-power-sector-air-pollution-on-disadvantaged-americans/},
    institution = {Resources for the Future}
}

@article{Davis2015PolicyProducers,
    title = {{Policy Monitor—Bonding Requirements for U.S. Natural Gas           Producers}},
    year = {2015},
    journal = {https://doi.org/10.1093/reep/reu015},
    author = {Davis, Lucas W.},
    number = {1},
    month = {1},
    pages = {128--144},
    volume = {9},
    publisher = {The University of Chicago Press},
    url = {https://www.journals.uchicago.edu/doi/10.1093/reep/reu015},
    doi = {10.1093/REEP/REU015},
    issn = {17506824},
    keywords = {K32, L71, Q48, Q58, environmental risks, hydraulic fracturing, moral hazard, orphan wells}
}

@article{Roth2022PolicyU.S.,
    title = {{Policy spillovers, technological lock-in, and efficiency gains from regional pollution taxes in the U.S.}},
    year = {2022},
    journal = {Energy and Climate Change},
    author = {Roth, Michael Buchdahl and Adams, Peter J. and Jaramillo, Paulina and Muller, Nicholas Z.},
    month = {12},
    pages = {100077},
    volume = {3},
    publisher = {Elsevier},
    doi = {10.1016/J.EGYCC.2022.100077},
    issn = {2666-2787},
    keywords = {Carbon-dioxide emissions, Co-benefits, Emission-taxes, Energy-system modeling, Local-air-pollution emissions, Technology lock-in, US-TIMES}
}

@techreport{Wakamori2011PortfolioMarket,
    title = {{Portfolio Considerations in Differentiated Product Purchases: An Application to the Japanese Automobile Market}},
    year = {2011},
    author = {Wakamori, Naoki},
    url = {https://www.bankofcanada.ca/wp-content/uploads/2011/11/wp2011-27.pdf}
}

@techreport{Wakamori2011PortfolioMarketb,
    title = {{Portfolio Considerations in Differentiated Product Purchases: An Application to the Japanese Automobile Market}},
    year = {2011},
    author = {Wakamori, Naoki},
    url = {https://www.bankofcanada.ca/wp-content/uploads/2011/11/wp2011-27.pdf}
}

@article{Scott2021PositiveSwitching,
    title = {{Positive Spillovers from Infrastructure Investment: How Pipeline Expansions Encourage Fuel Switching}},
    year = {2021},
    journal = {The Review of Economics and Statistics},
    author = {Scott, Jonathan B.},
    month = {12},
    pages = {1--43},
    publisher = {MIT Press - Journals},
    url = {https://direct.mit.edu/rest/article/doi/10.1162/rest_a_01137/108837/Positive-Spillovers-from-Infrastructure-Investment},
    doi = {10.1162/REST{\_}A{\_}01137},
    issn = {0034-6535}
}

@article{PowerGenome/PowerGenome:V0.6.3,
    title = {{PowerGenome/PowerGenome: v0.6.3}},
    url = {https://zenodo.org/records/11194213},
    doi = {10.5281/ZENODO.11194213}
}

@article{Mason2018PriceWyoming,
    title = {{Price Elasticity of Supply and Productivity: An Analysis of Natural Gas Wells in Wyoming}},
    year = {2018},
    journal = {The Energy Journal},
    author = {Mason, Charles F. and Roberts, Gavin},
    number = {01},
    month = {9},
    volume = {39},
    publisher = {International Association for Energy Economics (IAEE)},
    url = {www.iaee.org/energyjournal/article/3205},
    doi = {10.5547/01956574.39.si1.cmas},
    issn = {01956574}
}

@article{Hausman2019PriceLeaks,
    title = {{Price Regulation and Environmental Externalities: Evidence from Methane Leaks}},
    year = {2019},
    journal = {Journal of the Association of Environmental and Resource Economists},
    author = {Hausman, Catherine and Muehlenbachs, Lucija},
    number = {1},
    month = {1},
    pages = {73--109},
    volume = {6},
    publisher = {University of Chicago Press},
    url = {https://www.journals.uchicago.edu/doi/10.1086/700301},
    doi = {10.1086/700301},
    issn = {2333-5955},
    keywords = {Infrastructure, Methane leaks, Natural gas, Pipelines, Price regulation, Utilities}
}

@article{Hausman2019PriceLeaksb,
    title = {{Price regulation and environmental externalities: Evidence from methane leaks}},
    year = {2019},
    journal = {Journal of the Association of Environmental and Resource Economists},
    author = {Hausman, Catherine and Muehlenbachs, Lucija},
    number = {1},
    month = {1},
    pages = {73--109},
    volume = {6},
    publisher = {University of Chicago Press},
    url = {https://www.journals.uchicago.edu/doi/10.1086/700301},
    doi = {10.1086/700301/ASSET/IMAGES/LARGE/FG2.JPEG},
    issn = {23335963},
    keywords = {Infrastructure, Methane leaks, Natural gas, Pipelines, Price regulation, Utilities}
}

@article{Oliver2019PricingInvestment,
    title = {{Pricing flexibility under rate-of-return regulation: Effects on network infrastructure investment}},
    year = {2019},
    journal = {Economic Modelling},
    author = {Oliver, Matthew E.},
    doi = {10.1016/j.econmod.2018.09.016},
    issn = {02649993},
    keywords = {Natural gas pipelines, Network infrastructure investment, Price cap regulation, Rate-of-return regulation, Transmission capacity}
}

@article{Jacob2022QuantifyingMethane,
    title = {{Quantifying methane emissions from the global scale down to point sources using satellite observations of atmospheric methane}},
    year = {2022},
    journal = {Atmospheric Chemistry and Physics},
    author = {Jacob, Daniel J. and Varon, Daniel J. and Cusworth, Daniel H. and Dennison, Philip E. and Frankenberg, Christian and Gautam, Ritesh and Guanter, Luis and Kelley, John and McKeever, Jason and Ott, Lesley E. and Poulter, Benjamin and Qu, Zhen and Thorpe, Andrew K. and Worden, John R. and Duren, Riley M.},
    number = {14},
    month = {7},
    pages = {9617--9646},
    volume = {22},
    publisher = {Copernicus GmbH},
    doi = {10.5194/ACP-22-9617-2022},
    issn = {16807324}
}

@article{Zhang2020QuantifyingSpace,
    title = {{Quantifying methane emissions from the largest oil-producing basin in the United States from space}},
    year = {2020},
    journal = {Science Advances},
    author = {Zhang, Yuzhong and Gautam, Ritesh and Pandey, Sudhanshu and Omara, Mark and Maasakkers, Joannes D. and Sadavarte, Pankaj and Lyon, David and Nesser, Hannah and Sulprizio, Melissa P. and Varon, Daniel J. and Zhang, Ruixiong and Houweling, Sander and Zavala-Araiza, Daniel and Alvarez, Ramon A. and Lorente, Alba and Hamburg, Steven P. and Aben, Ilse and Jacob, Daniel J.},
    number = {17},
    month = {4},
    pages = {eaaz5120},
    volume = {6},
    publisher = {American Association for the Advancement of Science},
    url = {http://advances.sciencemag.org/},
    doi = {10.1126/sciadv.aaz5120},
    issn = {23752548},
    pmid = {32494644}
}

@techreport{Fischer2020QuantifyingWells,
    title = {{Quantifying Methane from California's Plugged and Abandoned Oil and Gas Wells}},
    year = {2020},
    author = {Fischer, Marc L. and Lebel, Eric D. and Jackson, Robert B.},
    url = {https://www.energy.ca.gov/sites/default/files/2021-05/CEC-500-2020-052.pdf},
    institution = {California Energy Commission}
}

@techreport{DepartmentofEnergy2022QueuedInfrastructure,
    title = {{Queued Up{\ldots} But in Need of Transmission Unleashing the Benefits of Clean Power with Grid Infrastructure}},
    year = {2022},
    author = {{Department of Energy}},
    month = {4},
    url = {https://www.energy.gov/sites/default/files/2022-04/Queued%20Up%E2%80%A6But%20in%20Need%20of%20Transmission.pdf}
}

@article{Author1995RatesEFFICIENCY,
    title = {{Rates of Time Preference and Consumer Valuations of Automobile Safety and Fuel RATES OF TIME PREFERENCE AND CONSUMER VALUATIONS OF AUTOMOBILE SAFETY AND FUEL EFFICIENCY*}},
    year = {1995},
    journal = {Source: The Journal of Law {\&} Economics},
    author = {Author, Efficiency and Dreyfus, Mark K and Viscusi, W Kip},
    number = {1},
    pages = {79--105},
    volume = {38},
    url = {http://www.jstor.org/stable/725818 http://about.jstor.org/terms}
}

@article{Sallee2013RationalEfficiency,
    title = {{Rational inattention and energy efficiency}},
    year = {2013},
    journal = {NBER Working Paper Series},
    author = {Sallee, James M},
    url = {http://www.nber.org/papers/w19545.pdf}
}

@article{H.Deacutecaire2019RealEvidence,
    title = {{Real Option Exercise: Empirical Evidence}},
    year = {2019},
    journal = {SSRN Electronic Journal},
    author = {H. D{\&}eacute;caire, Paul and Gilje, Erik and Taillard, Jérôme},
    month = {9},
    publisher = {Elsevier BV},
    url = {https://papers.ssrn.com/abstract=3342565},
    doi = {10.2139/SSRN.3342565},
    keywords = {Erik Gilje, J{\'{e}}r{\^{o}}me Taillard, Paul  H. D{\'{e}}caire, Real Option Exercise: Empirical Evidence, SSRN, exercise, information externality, peers, project-level, real option}
}

@article{Decaire2019RealEvidence,
    title = {{Real Option Exercise: Empirical Evidence}},
    year = {2019},
    journal = {SSRN Electronic Journal},
    author = {D{\'{e}}caire, Paul H and Gilje, Erik and Taillard, Jérôme},
    month = {9},
    publisher = {Elsevier BV},
    url = {https://papers.ssrn.com/abstract=3342565},
    doi = {10.2139/SSRN.3342565},
    keywords = {Erik Gilje, J{\'{e}}r{\^{o}}me Taillard, Paul  H. D{\'{e}}caire, Real Option Exercise: Empirical Evidence, SSRN, exercise, information externality, peers, project-level, real option}
}

@article{Porter2009RecentReport,
    title = {{Recent U.S. Offshore Oil and Gas Lease Bidding: A Progress Report}},
    year = {2009},
    journal = {SSRN Electronic Journal},
    author = {Porter, Robert H. and Haile, Philip A. and Hendricks, Kenneth},
    month = {12},
    publisher = {Elsevier BV},
    url = {https://papers.ssrn.com/abstract=1523359},
    doi = {10.2139/SSRN.1523359},
    keywords = {Kenneth Hendricks, Philip A. Haile, Recent U.S. Offshore Oil and Gas Lease Bidding: A Progress Report, Robert H. Porter, SSRN}
}

@article{Sergi2020RegionalUS,
    title = {{Regional and county flows of particulate matter damage in the US}},
    year = {2020},
    journal = {Environmental Research Letters},
    author = {Sergi, Brian and Azevedo, Inês and Davis, Steven J. and Muller, Nicholas Z.},
    number = {10},
    month = {10},
    pages = {104073},
    volume = {15},
    publisher = {IOP Publishing},
    url = {https://iopscience.iop.org/article/10.1088/1748-9326/abb429 https://iopscience.iop.org/article/10.1088/1748-9326/abb429/meta},
    doi = {10.1088/1748-9326/ABB429},
    issn = {1748-9326},
    keywords = {Air pollution, Inter-county pollution, Mortality risk, Particulate matter}
}

@article{Cronshaw1996RegulatedBanking,
    title = {{Regulated firms in pollution permit markets with banking}},
    year = {1996},
    journal = {Journal of Regulatory Economics},
    author = {Cronshaw, MarkB. and Kruse, JamieBrown},
    number = {2},
    month = {3},
    pages = {179--189},
    volume = {9},
    publisher = {Kluwer Academic Publishers},
    url = {http://link.springer.com/10.1007/BF00240369},
    doi = {10.1007/BF00240369},
    issn = {0922-680X}
}

@incollection{Laffont1994RegulationInformation,
    title = {{Regulation of Pollution with Asymmetric Information}},
    year = {1994},
    booktitle = {Nonpoint Source Pollution Regulation: Issues and Analysis},
    author = {Laffont, Jean-Jacques},
    pages = {39--66},
    publisher = {Springer Netherlands},
    url = {https://link.springer.com/chapter/10.1007/978-94-015-8346-6_2},
    doi = {10.1007/978-94-015-8346-6{\_}2}
}

@article{Covert2019RelinquishingLeasing,
    title = {{Relinquishing Riches: Auctions vs Informal Negotiations in Texas Oil and Gas Leasing}},
    year = {2019},
    journal = {NBER Working Paper Series},
    author = {Covert, Thomas R. and Sweeney, Richard L.},
    month = {4},
    url = {https://www.nber.org/papers/w25712},
    institution = {National Bureau of Economic Research},
    address = {Cambridge, MA},
    doi = {10.3386/W25712},
    keywords = {Richard L. Sweeney, Thomas R. Covert}
}

@article{Fell2013RenewableEffectiveness,
    title = {{Renewable electricity policies, heterogeneity, and cost effectiveness}},
    year = {2013},
    journal = {Journal of Environmental Economics and Management},
    author = {Fell, Harrison and Linn, Joshua},
    pages = {688--707},
    volume = {66},
    url = {http://dx.doi.org/10.1016/j.jeem.2013.03.004},
    doi = {10.1016/j.jeem.2013.03.004},
    keywords = {Climate policy, Cost effectiveness, Electricity, Intermittency, Wind and solar}
}

@misc{ResearchInstitute,
    title = {{Research Brief: Methane and Trade: Paving the Way for Enhanced Global Cooperation on Climate Change - The Salata Institute}},
    url = {https://salatainstitute.harvard.edu/research-brief-methane-and-trade-paving-the-way-for-enhanced-global-cooperation-on-climate-change/}
}

@misc{ResidentialInformation,
    title = {{Residential Energy Consumption Survey (RECS): Survey Background and Technical Information}},
    url = {https://www.eia.gov/consumption/residential/background-technical.php}
}

@techreport{Benartzi1999RiskInvestments,
    title = {{Risk Aversion or Myopia? Choices in Repeated Gambles and Retirement Investments}},
    year = {1999},
    booktitle = {Source: Management Science},
    author = {Benartzi, Shlomo and Thaler, Richard H},
    number = {3},
    pages = {364--381},
    volume = {45},
    url = {https://www.jstor.org/stable/pdf/2634883.pdf?refreqid=excelsior%3Ad5d52eeab47f9267e5003253218676a0}
}

@misc{RuiwenLee_JMP.pdf,
    title = {{RuiwenLee{\_}JMP.pdf}},
    url = {https://www.dropbox.com/s/lxzsnsoogefsdyd/RuiwenLee_JMP.pdf?dl=0}
}

@article{Fowlie2012SacredSources,
    title = {{Sacred Cars? Cost-Effective Regulation of Stationary and Nonstationary Pollution Sources}},
    year = {2012},
    journal = {American Economic Journal: Economic Policy},
    author = {Fowlie, Meredith and Knittel, Christopher R and Wolfram, Catherine},
    number = {1},
    month = {2},
    pages = {98--126},
    volume = {4},
    url = {http://pubs.aeaweb.org/doi/10.1257/pol.4.1.98},
    doi = {10.1257/pol.4.1.98},
    issn = {1945-7731}
}

@article{Covert2022Secrecy,
    title = {{Secrecy Rules and Exploratory Investment: Theory and Evidence from the Shale Boom *}},
    year = {2022},
    journal = {Working Paper},
    author = {Covert, Thomas R and Sweeney, Richard L},
    month = {9},
    url = {http://www.richard-sweeney.com/pdfs/cs_disclosure.pdf}
}

@article{Olmstead2013ShalePennsylvania,
    title = {{Shale gas development impacts on surface water quality in Pennsylvania}},
    year = {2013},
    journal = {Proceedings of the National Academy of Sciences of the United States of America},
    author = {Olmstead, Sheila M. and Muehlenbachs, Lucija A. and Shih, Jhih Shyang and Chu, Ziyan and Krupnick, Alan J.},
    number = {13},
    month = {3},
    pages = {4962--4967},
    volume = {110},
    publisher = {Proc Natl Acad Sci U S A},
    url = {https://pubmed.ncbi.nlm.nih.gov/23479604/},
    doi = {10.1073/PNAS.1213871110},
    issn = {1091-6490},
    pmid = {23479604},
    keywords = {Alan J Krupnick, Chlorides / analysis, Fresh Water / analysis*, Fresh Water / chemistry, Lucija A Muehlenbachs, MEDLINE, Mining*, NCBI, NIH, NLM, National Center for Biotechnology Information, National Institutes of Health, National Library of Medicine, Natural Gas*, Non-U.S. Gov't, PMC3612605, Pennsylvania, PubMed Abstract, Research Support, Sheila M Olmstead, Water Quality*, doi:10.1073/pnas.1213871110, pmid:23479604}
}

@article{BaileyRuiqingCaoTheresaKuchlerJohannesStroebel2016SocialMarkets,
    title = {{Social Networks and Housing Markets}},
    year = {2016},
    author = {Bailey Ruiqing Cao Theresa Kuchler Johannes Stroebel, Michael and DeFusco, Anthony and Eichenbaum, Marty and Gabaix, Xavier and Gete, Pedro and Giglio, Stefano and Guren, Adam and Hurst, Erik and Kashyap, Anil and Keys, Ben and Liberman, Andres and Lorenzoni, Guido and Madrian, Brigitte and Malmendier, Ulrike and Mueller, Holger and van Nieuwerburgh, Stijn and Parlatore, Cecilia and Simsek, Alp and Shleifer, Andrei and Vavra, Joe and Weber, Andreas and Wong, Arlene and Xiong, Wei and Zafar, Basit},
    url = {http://www.nber.org/papers/w22258},
    keywords = {Asset Pricing, Corporate Finance, Economic Fluctuations and Growth, Monetary Economics, Public Economics}
}

@article{EPA2016SourcesEmissions,
    title = {{Sources of Greenhouse Gas Emissions}},
    year = {2016},
    author = {{EPA}},
    url = {https://www.epa.gov/ghgemissions/sources-greenhouse-gas-emissions}
}

@techreport{Zivin2012SpatialPolicies,
    title = {{Spatial and Temporal Heterogeneity of Marginal Emissions: Implications for Electric Cars and Other Electricity-Shifting Policies}},
    year = {2012},
    author = {Zivin, Joshua S. Graff and Kotchen, Matthew and Mansur, Erin},
    month = {10},
    url = {http://www.nber.org/papers/w18462.pdf},
    institution = {National Bureau of Economic Research},
    address = {Cambridge, MA},
    doi = {10.3386/w18462}
}

@article{vonderFehr1993SpotDer,
    title = {{Spot Market Competition in the UK Electricity Industry Author(s): Nils-Henrik M{\o}rch von der}},
    year = {1993},
    journal = {Source: The Economic Journal},
    author = {von der Fehr, Nils-Henrik Mørch and Harbord, David},
    number = {418},
    pages = {531--546},
    volume = {103},
    url = {https://www.jstor.org/stable/2234530}
}

@misc{Hlavac2018Stargazer:Tables,
    title = {{stargazer: Well-Formatted Regression and Summary Statistics Tables}},
    year = {2018},
    author = {Hlavac, Marek},
    url = {https://CRAN.R-project.org/package=stargazer},
    address = {Bratislava, Slovakia}
}

@article{Samuelson1988StatusMaking,
    title = {{Status quo bias in decision making}},
    year = {1988},
    journal = {Journal of Risk and Uncertainty},
    author = {Samuelson, William and Zeckhauser, Richard},
    number = {1},
    month = {3},
    pages = {7--59},
    volume = {1},
    url = {http://link.springer.com/10.1007/BF00055564},
    doi = {10.1007/BF00055564},
    issn = {0895-5646}
}

@article{Wolfram1997StrategicWales,
    title = {{Strategic bidding in a multi-unit auction: an empirical analysis analysis of bids to supply electricity in England and Wales}},
    year = {1997},
    journal = {NBER Working Paper},
    author = {Wolfram, Catherine},
    url = {https://www.nber.org/papers/w6269.pdf}
}

@article{Lin2013StrategicProduction,
    title = {{Strategic Decision-Making with Information and Extraction Externalities: A Structural Model of the MultiStage Investment Timing Game in Offshore Petroleum Production}},
    year = {2013},
    journal = {The Review of Economics and Statistics},
    author = {Lin, Cynthia C. Y.},
    number = {5},
    month = {12},
    pages = {1601--1621},
    volume = {95},
    publisher = {MIT Press},
    url = {https://direct.mit.edu/rest/article/95/5/1601/58141/Strategic-Decision-Making-with-Information-and},
    doi = {10.1162/REST{\_}A{\_}00319},
    issn = {0034-6535}
}

@techreport{Muehlegger2018SubsidizingCalifornia,
    title = {{Subsidizing Mass Adoption of Electric Vehicles: Quasi-Experimental Evidence from California}},
    year = {2018},
    author = {Muehlegger, Erich and Rapson, David},
    month = {12},
    url = {http://www.nber.org/papers/w25359.pdf},
    institution = {National Bureau of Economic Research},
    address = {Cambridge, MA},
    doi = {10.3386/w25359}
}

@article{Carlson2000SulfurTrade,
    title = {{Sulfur Dioxide Control by Electric Utilities: What Are the Gains from Trade?}},
    year = {2000},
    journal = {Journal of Political Economy},
    author = {Carlson, Curtis and Burtraw, Dallas and Cropper, Maureen and Palmer, Karen L.},
    number = {6},
    month = {12},
    pages = {1292--1326},
    volume = {108},
    publisher = { The University of Chicago Press },
    url = {https://www.journals.uchicago.edu/doi/10.1086/317681},
    doi = {10.1086/317681},
    issn = {0022-3808}
}

@article{AmirSupermodularitySurvey,
    title = {{Supermodularity and Complementarity in Economics: An Elementary Survey}},
    author = {Amir, Rabah},
    keywords = {A23, C60, C72, D43, JEL Classification}
}

@techreport{U.S.EPASupplementaryReview,
    title = {{Supplementary Material for the Regulatory Impact Analysis for the Supplemental Proposed Rulemaking, “Standards of Performance for New, Reconstructed, and Modified Sources and Emissions Guidelines for Existing Sources: Oil and Natural Gas Sector Climate Review” }},
    author = {{U.S. EPA}},
    url = {https://www.epa.gov/system/files/documents/2022-11/epa_scghg_report_draft_0.pdf}
}

@book{Taylor1951SurveyAssociates.,
    title = {{Survey of Marine Fisheries of North Carolina / by Harden F. Taylor and a staff of associates.}},
    year = {1951},
    author = {Taylor, Harden Franklin},
    publisher = {University of North Carolina Press,},
    url = {http://www.biodiversitylibrary.org/bibliography/6441},
    address = {Chapel Hill :},
    doi = {10.5962/bhl.title.6441}
}

@book{Taylor1951SurveyAssociates.b,
    title = {{Survey of Marine Fisheries of North Carolina / by Harden F. Taylor and a staff of associates.}},
    year = {1951},
    author = {Taylor, Harden Franklin},
    publisher = {University of North Carolina Press,},
    url = {http://www.biodiversitylibrary.org/bibliography/6441},
    address = {Chapel Hill :},
    doi = {10.5962/bhl.title.6441}
}

@article{Shepard1984SurvivalConsumption,
    title = {{Survival versus Consumption}},
    year = {1984},
    journal = {Management Science},
    author = {Shepard, Donald S. and Zeckhauser, Richard J.},
    number = {4},
    month = {4},
    pages = {423--439},
    volume = {30},
    publisher = { INFORMS },
    url = {http://pubsonline.informs.org/doi/abs/10.1287/mnsc.30.4.423},
    doi = {10.1287/mnsc.30.4.423},
    issn = {0025-1909},
    keywords = {calculus of variations, life cycle, risk of death, utility, value of life, willingness to pay}
}

@article{SydsaeterM,
    title = {{Sydsaeter - On some frequently occurring errors in the economic literature concerning problems of maimxa and m}}
}

@article{Kroetz2019SystematicallyModel,
    title = {{Systematically Incorporating Environmental Objectives into Shale Gas Pipeline Development: A Binary Integer, Multiobjective Spatial Optimization Model}},
    year = {2019},
    journal = {Environmental Science and Technology},
    author = {Kroetz, Kailin and Shih, Jhih Shyang and Siikam{\"{a}}ki, Juha V. and Marianov, Vladimir and Krupnick, Alan and Chu, Ziyan},
    number = {12},
    month = {6},
    pages = {7155--7162},
    volume = {53},
    publisher = {American Chemical Society},
    url = {https://pubs.acs.org/doi/full/10.1021/acs.est.9b01583},
    doi = {10.1021/ACS.EST.9B01583/SUPPL{\_}FILE/ES9B01583{\_}SI{\_}001.PDF},
    issn = {15205851},
    pmid = {31050415}
}

@techreport{InteragencyWorkingGrouponSocialCostofGreenhouseGases2021Technical13990,
    title = {{Technical Support Document: Social Cost of Carbon, Methane, and Nitrous Oxide Interim Estimates under Executive Order 13990}},
    year = {2021},
    author = {{Interagency Working Group on Social Cost of Greenhouse Gases}},
    url = {https://www.whitehouse.gov/wp-content/uploads/2021/02/TechnicalSupportDocument_SocialCostofCarbonMethaneNitrousOxide.pdf}
}

@article{InteragencyWorkingGrouponSocialCostofGreenhouseGases2021TechnicalQuality,
    title = {{Technical Support Document: Social Cost of Carbon, Methane, and Nitrous Oxide Interim Estimates under Executive Order 13990 Interagency Working Group on Social Cost of Greenhouse Gases, United States Government With participation by Council of Economic Advisers Council on Environmental Quality}},
    year = {2021},
    author = {{Interagency Working Group on Social Cost of Greenhouse Gases}}
}

@techreport{Linn2008TechnologicalProgram,
    title = {{Technological Modifications in the Nitrogen Oxides Tradable Permit Program}},
    year = {2008},
    booktitle = {Source: The Energy Journal},
    author = {Linn, Joshua},
    number = {3},
    pages = {153--176},
    volume = {29},
    url = {https://www.jstor.org/stable/pdf/41323174.pdf?refreqid=excelsior%3A0d6a4cea4683ef16c8545b023eb2b4aa}
}

@techreport{U.S.DepartmentofEnergy2020TexasRegulations,
    title = {{Texas Natural Gas Flaring and Venting Regulations}},
    year = {2020},
    author = {{U.S. Department of Energy}},
    url = {https://www.energy.gov/fecm/articles/texas-natural-gas-flaring-and-venting-regulations-fact-sheet}
}

@misc{Chapa2021TexasBloomberg,
    title = {{Texas Oil Body Makes It a Little Harder for Wells to Flare Gas - Bloomberg}},
    year = {2021},
    booktitle = {Bloomberg},
    author = {Chapa, Sergio},
    month = {9},
    url = {https://www.bloomberg.com/news/articles/2021-09-14/texas-oil-body-makes-it-a-little-harder-for-wells-to-flare-gas}
}

@techreport{Marks2018TheProduction,
    title = {{The Abatement Cost of Methane Emissions from Natural Gas Production}},
    year = {2018},
    author = {Marks, Levi}
}

@article{Marks2022TheProduction,
    title = {{The Abatement Cost of Methane Emissions from Natural Gas Production}},
    year = {2022},
    journal = {https://doi.org/10.1086/716700},
    author = {Marks, Levi},
    number = {2},
    month = {3},
    pages = {165--198},
    volume = {9},
    publisher = {The University of Chicago PressChicago, IL},
    url = {https://www.journals.uchicago.edu/doi/10.1086/716700},
    doi = {10.1086/716700},
    issn = {23335963},
    keywords = {D22, H23, MACC, Q35, Q4, Q54, climate policy, emissions pricing, emissions tax, methane leaks}
}

@article{STEINBACK2008TheFishery,
    title = {{The Benefits of Rationalization: The Case of the American Lobster Fishery}},
    year = {2008},
    journal = {Marine Resource Economics},
    author = {STEINBACK, SCOTT R. and ALLEN, RICHARD B. and THUNBERG, ERIC},
    number = {1},
    month = {1},
    pages = {37--63},
    volume = {23},
    url = {http://www.journals.uchicago.edu/doi/10.1086/mre.23.1.42629601},
    doi = {10.1086/mre.23.1.42629601},
    issn = {0738-1360}
}

@techreport{GreeneTheModels,
    title = {{The Bias of the Fixed Effects Estimator in Nonlinear Models}},
    author = {Greene, William},
    url = {www.stern.nyu.edu/~wgreene.},
    keywords = {C4, Monte Carlo, Panel data, bias, computation, finite sample JEL classification: C1, fixed effects, tobit, truncated regression}
}

@article{Blonz2023TheFuels,
    title = {{The Canary in the Coal Decline: Appalachian Household Finance and the Transition from Fossil Fuels}},
    year = {2023},
    author = {Blonz, Josh and Tran, Brigitte Roth and Troland, Erin E and Aldy, Joe and Carson, Richard and Cullen, Julie and Fowlie, Meredith and Fried, Stephie and Zivin, Josh Graff and Hanson, Gordon and Hsu, Joanne and Preonas, Louis and Shapiro, Joe and Victor, David},
    month = {4},
    url = {https://www.nber.org/papers/w31072},
    institution = {National Bureau of Economic Research},
    address = {Cambridge, MA},
    doi = {10.3386/W31072},
    keywords = {Brigitte Roth Tran, Erin E. Troland, Josh Blonz}
}

@article{Lelieveld2015TheScale,
    title = {{The contribution of outdoor air pollution sources to premature mortality on a global scale}},
    year = {2015},
    journal = {Nature 2015 525:7569},
    author = {Lelieveld, J. and Evans, J. S. and Fnais, M. and Giannadaki, D. and Pozzer, A.},
    number = {7569},
    month = {9},
    pages = {367--371},
    volume = {525},
    publisher = {Nature Publishing Group},
    url = {https://www.nature.com/articles/nature15371},
    doi = {10.1038/nature15371},
    issn = {1476-4687},
    pmid = {26381985},
    keywords = {Environmental chemistry, Environmental sciences}
}

@techreport{Bruegge2018THECODES,
    title = {{THE DISTRIBUTIONAL EFFECTS OF BUILDING ENERGY CODES}},
    year = {2018},
    author = {Bruegge, Christopher D and Deryugina, Tatyana and Myers, Erica},
    url = {http://www.nber.org/papers/w24211}
}

@article{Huang2014TheExploitation,
    title = {{The Dynamic Efficiency Costs of Common-Pool Resource Exploitation}},
    year = {2014},
    journal = {American Economic Review},
    author = {Huang, Ling and Smith, Martin D.},
    number = {12},
    month = {12},
    pages = {4071--4103},
    volume = {104},
    url = {http://pubs.aeaweb.org/doi/10.1257/aer.104.12.4071},
    doi = {10.1257/aer.104.12.4071},
    issn = {0002-8282}
}

@techreport{Gordon1954TheAuthors,
    title = {{The Economic Theory of a Common-Property Resource: The Fishery Author(s)}},
    year = {1954},
    booktitle = {Source: Journal of Political Economy},
    author = {Gordon, H Scott},
    number = {2},
    pages = {124--142},
    volume = {62},
    url = {https://www.jstor.org/stable/1825571}
}

@article{Agerton2023ThePolicy,
    title = {{The Economics of Natural Gas Flaring and Methane Emissions in US Shale: An Agenda for Research and Policy}},
    year = {2023},
    journal = {Review of Environmental Economics and Policy},
    author = {Agerton, Mark and Gilbert, Ben and Upton, Gregory B.},
    number = {2},
    month = {6},
    pages = {251--273},
    volume = {17},
    publisher = {University of Chicago Press},
    url = {https://www.journals.uchicago.edu/doi/10.1086/725004},
    doi = {10.1086/725004/ASSET/IMAGES/LARGE/FG4.JPEG},
    issn = {17506824},
    keywords = {Q35, Q48, Q53, Q54}
}

@article{Agerton2020ThePolicy,
    title = {{The Economics of Natural Gas Flaring in U.S. Shale: An Agenda for Research and Policy}},
    year = {2020},
    author = {Agerton, Mark and Upton, Gregory B},
    url = {https://www.energy.gov/sites/prod/files/2019/08/f65/}
}

@article{Xepapadeas2011ThePollution,
    title = {{The Economics of Non-Point-Source Pollution}},
    year = {2011},
    journal = {https://doi.org/10.1146/annurev-resource-083110-115945},
    author = {Xepapadeas, Anastasios},
    month = {9},
    pages = {355--373},
    volume = {3},
    publisher = {Annual Reviews},
    url = {https://www.annualreviews.org/doi/abs/10.1146/annurev-resource-083110-115945},
    doi = {10.1146/ANNUREV-RESOURCE-083110-115945},
    issn = {19411340},
    keywords = {ambient schemes, diffused source pollution, endogenous monitoring, input-based schemes, moral hazard, uncertainty}
}

@article{Herrnstadt2020TheLeases,
    title = {{The Economics of Time-Limited Development Options: The Case of Oil and Gas Leases}},
    year = {2020},
    journal = {SSRN Electronic Journal},
    author = {Herrnstadt, Evan and Kellogg, Ryan and Lewis, Eric},
    month = {5},
    publisher = {Elsevier BV},
    url = {https://papers.ssrn.com/abstract=3604162},
    doi = {10.2139/SSRN.3604162},
    issn = {1556-5068},
    keywords = {Eric Lewis, Evan Herrnstadt, Ryan Kellogg, SSRN, The Economics of Time-Limited Development Options: The Case of Oil and Gas Leases}
}

@article{Langbroek2016TheAdoption,
    title = {{The effect of policy incentives on electric vehicle adoption}},
    year = {2016},
    journal = {Energy Policy},
    author = {Langbroek, Joram H M and Franklin, Joel P and Susilo, Yusak O},
    pages = {94--103},
    volume = {94},
    url = {https://ac.els-cdn.com/S0301421516301550/1-s2.0-S0301421516301550-main.pdf?_tid=c326426c-e76f-410e-80c9-68d65d14eb8f&acdnat=1522688132_1b9f80fea9e97135803aea81a8d008d5},
    doi = {10.1016/j.enpol.2016.03.050},
    keywords = {Electric vehicle adoption, Policy incentives, Protection Motivation Theory, Transtheoretical Model of Change, stated-choice}
}

@article{Kellogg2014TheDrilling,
    title = {{The effect of uncertainty on investment: Evidence from texas oil drilling}},
    year = {2014},
    journal = {American Economic Review},
    author = {Kellogg, Ryan},
    number = {6},
    pages = {1698--1734},
    volume = {104},
    publisher = {American Economic Association},
    doi = {10.1257/aer.104.6.1698},
    issn = {00028282},
    keywords = {Fixed Investment and Inventory Studies, Futures Pricing, Prices, option pricing, Capital Budgeting}
}

@article{Calvo-Armengol2004TheInequality,
    title = {{The Effects of Social Networks on Employment and Inequality}},
    year = {2004},
    journal = {American Economic Review},
    author = {Calv{\'{o}}-Armengol, Antoni and Jackson, Matthew O.},
    number = {3},
    month = {6},
    pages = {426--454},
    volume = {94},
    doi = {10.1257/0002828041464542},
    issn = {0002-8282},
    keywords = {Economic Anthropology, Social and Economic Stratification, Unemployment: Models, Duration, Incidence, and Job Search, Economic Sociology}
}

@article{Jaffe1994TheTechnology,
    title = {{The energy paradox and the diffusion of conservation technology}},
    year = {1994},
    journal = {Resource and Energy Economics},
    author = {Jaffe, Adam B and Stavins, Robert N},
    number = {2},
    pages = {91--122},
    volume = {16},
    url = {https://scholar.harvard.edu/files/stavins/files/theenergyparadox.ree1994.pdf}
}

@article{Jaffe1994TheMean,
    title = {{The energy-efficiency gap What does it mean?}},
    year = {1994},
    journal = {Energy Policy},
    author = {Jaffe, Adam B. and Stavins, Robert N.},
    number = {10},
    month = {10},
    pages = {804--810},
    volume = {22},
    publisher = {Elsevier},
    url = {https://www.sciencedirect.com/science/article/pii/0301421594901384},
    doi = {10.1016/0301-4215(94)90138-4},
    issn = {0301-4215}
}

@article{Mehra1985ThePuzzle,
    title = {{The equity premium: A puzzle}},
    year = {1985},
    journal = {Journal of Monetary Economics},
    author = {Mehra, Rajnish and Prescott, Edward C.},
    number = {2},
    month = {3},
    pages = {145--161},
    volume = {15},
    url = {http://linkinghub.elsevier.com/retrieve/pii/0304393285900613},
    doi = {10.1016/0304-3932(85)90061-3},
    issn = {03043932}
}

@article{Palmer2009TheBeyond,
    title = {{The Evolving SO2 Allowance Market: Title IV, CAIR, and Beyond}},
    year = {2009},
    journal = {Resources},
    author = {Palmer, Karen and Evans, David},
    month = {7},
    pages = {253--289},
    url = {https://www.resourcesmag.org/common-resources/the-evolving-so2-allowance-market-title-iv-cair-and-beyond/}
}

@article{Fell2018TheEmissions,
    title = {{The Fall of Coal: Joint Impacts of Fuel Prices and Renewables on Generation and Emissions}},
    year = {2018},
    journal = {American Economic Journal: Economic Policy},
    author = {Fell, Harrison and Kaffine, Daniel T.},
    number = {2},
    month = {5},
    pages = {90--116},
    volume = {10},
    url = {https://pubs.aeaweb.org/doi/10.1257/pol.20150321},
    doi = {10.1257/pol.20150321},
    issn = {1945-7731}
}

@article{Levhari1980TheSolution,
    title = {{The Great Fish War: An Example Using a Dynamic Cournot-Nash Solution}},
    year = {1980},
    journal = {The Bell Journal of Economics},
    author = {Levhari, David and Mirman, Leonard J.},
    number = {1},
    month = {21},
    pages = {322},
    volume = {11},
    url = {https://www.jstor.org/stable/3003416?origin=crossref},
    doi = {10.2307/3003416},
    issn = {0361915X}
}

@article{Linn2018TheEnvironment,
    title = {{The heterogeneous impacts of low natural gas prices on consumers and the environment}},
    year = {2018},
    journal = {Journal of Environmental Economics and Management},
    author = {Linn, Joshua and Muehlenbachs, Lucija},
    month = {5},
    pages = {1--28},
    volume = {89},
    url = {https://linkinghub.elsevier.com/retrieve/pii/S0095069616303904},
    doi = {10.1016/j.jeem.2018.02.002},
    issn = {00950696}
}

@article{Martin2014TheMicrodata,
    title = {{The impact of a carbon tax on manufacturing: evidence from microdata}},
    year = {2014},
    journal = {Journal of Public Economics},
    author = {Martin, Ralf and de Preux, Laure B and Wagner, Ulrich J and Preux, de},
    pages = {1--14},
    volume = {117},
    url = {http://eprints.lse.ac.uk/57349/},
    doi = {10.1016/j.jpubeco.2014.04.016}
}

@article{Holladay2017ThePolicy,
    title = {{The impact of cheap natural gas on marginal emissions from electricity generation and implications for energy policy}},
    year = {2017},
    author = {Holladay, J Scott and Lariviere, Jacob},
    url = {http://dx.doi.org/10.1016/j.jeem.2017.06.004},
    doi = {10.1016/j.jeem.2017.06.004},
    keywords = {Air pollution, Energy, Natural gas, Renewable energy}
}

@article{Chan2018TheProgram,
    title = {{The impact of trading on the costs and benefits of the Acid Rain Program}},
    year = {2018},
    journal = {Journal of Environmental Economics and Management},
    author = {Chan, H. Ron and Chupp, B. Andrew and Cropper, Maureen L. and Muller, Nicholas Z.},
    month = {3},
    pages = {180--209},
    volume = {88},
    publisher = {Academic Press},
    url = {https://www.sciencedirect.com/science/article/pii/S0095069617301973?via%3Dihub},
    doi = {10.1016/J.JEEM.2017.11.004},
    issn = {0095-0696}
}

@article{Sierzchula2014TheAdoption,
    title = {{The influence of financial incentives and other socio-economic factors on electric vehicle adoption}},
    year = {2014},
    journal = {Energy Policy},
    author = {Sierzchula, William and Bakker, Sjoerd and Maat, Kees and van Wee, Bert},
    pages = {183--194},
    volume = {68},
    url = {https://ac.els-cdn.com/S0301421514000822/1-s2.0-S0301421514000822-main.pdf?_tid=spdf-51036ba9-119a-4e4d-8dca-306a03a1a882&acdnat=1519749465_d747ac686d3b108d820426c6345e8e07}
}

@article{Kraynak2023TheCountry,
    title = {{The Local Economic and Welfare Consequences of Demand Shocks for Coal Country}},
    year = {2023},
    journal = {SSRN Electronic Journal},
    author = {Kraynak, Daniel},
    month = {11},
    publisher = {Elsevier BV},
    url = {https://papers.ssrn.com/abstract=4283327},
    doi = {10.2139/SSRN.4283327},
    keywords = {Coal, Coal Country, Daniel Kraynak, Demand Shocks, Just Transition, SSRN, The Local Economic and Welfare Consequences of Demand Shocks for Coal Country}
}

@book{FreemanIII2014TheValues,
    title = {{The Measurement of Environmental and Resource Values}},
    year = {2014},
    author = {Freeman III, Myrick A. and Herriges, Joseph and Kling, Catherine},
    edition = {Third},
    publisher = {RFF Press},
    url = {https://www.rff.org/publications/books/the-measurement-of-environmental-and-resource-values/},
    address = {New York, New York},
    isbn = {987-0-415-50158-3}
}

@article{Smith2012TheMargins,
    title = {{The New Fisheries Economics: Incentives Across Many Margins}},
    year = {2012},
    author = {Smith, Martin D},
    url = {www.annualreviews.org},
    doi = {10.1146/annurev-resource-110811-114550},
    keywords = {aquaculture, bioeconomics, bycatch, fisheries management, gear selectivity, growth overfishing, intraseasonal, life history, marine reserve, multispecies, seafood markets, spatial}
}

@misc{McFarland2016TheWells,
    title = {{The Problem of Abandoned Wells}},
    year = {2016},
    booktitle = {Oil and Gas Layer Blog},
    author = {McFarland, John},
    month = {12},
    url = {https://www.oilandgaslawyerblog.com/problem-abandoned-wells/}
}

@article{Coase1960THECOST,
    title = {{THE PROBLEM OF SOCIAL COST}},
    year = {1960},
    journal = {The Journal of Law and Economics},
    author = {Coase, R H},
    month = {10},
    volume = {3}
}

@article{Schmalensee2013TheExperiment,
    title = {{The SO2 Allowance Trading System: The Ironic History of a Grand Policy Experiment}},
    year = {2013},
    journal = {Journal of Economic Perspectives},
    author = {Schmalensee, Richard and Stavins, Robert N},
    number = {1},
    month = {2},
    pages = {103--122},
    volume = {27},
    url = {http://pubs.aeaweb.org/doi/10.1257/jep.27.1.103},
    doi = {10.1257/jep.27.1.103}
}

@article{Schmalensee2013TheExperimentb,
    title = {{The SO2 Allowance Trading System: The Ironic History of a Grand Policy Experiment}},
    year = {2013},
    journal = {Journal of Economic Perspectives},
    author = {Schmalensee, Richard and Stavins, Robert N},
    number = {1},
    pages = {103--122},
    volume = {27},
    url = {http://dx.doi.org/10.1257/jep.27.1.103.},
    doi = {10.1257/jep.27.1.103}
}

@article{Sallee2011ThePrius,
    title = {{The Surprising Incidence of Tax Credits for the Toyota Prius}},
    year = {2011},
    journal = {American Economic Journal: Economic Policy},
    author = {Sallee, James M},
    number = {2},
    month = {5},
    pages = {189--219},
    volume = {3},
    url = {http://pubs.aeaweb.org/doi/10.1257/pol.3.2.189},
    doi = {10.1257/pol.3.2.189},
    issn = {1945-7731}
}

@article{Sallee2011TheEconomy,
    title = {{The Taxation of Fuel Economy}},
    year = {2011},
    author = {Sallee, James M},
    number = {1},
    pages = {1--38},
    volume = {25},
    url = {http://www.jstor.org/stable/10.1086/658379 http://about.jstor.org/terms},
    doi = {10.1086/658379}
}

@misc{TheJSTOR,
    title = {{The Timing and Incidence of Exploratory Drilling on Offshore Wildcat Tracts on JSTOR}},
    url = {https://www.jstor.org/stable/2118203?refreqid=excelsior%3A5fc527bc63cda68a0a700446b7fba90e}
}

@misc{TrackingAlpha,
    title = {{Tracking Day Rates And Utilization Trends In The Offshore Drilling Industry - November 2017 Edition | Seeking Alpha}},
    url = {https://seekingalpha.com/article/4128056-tracking-day-rates-and-utilization-trends-in-offshore-drilling-industry-november-2017-edition}
}

@misc{2017TransportationCenter,
    title = {{Transportation Secure Data Center}},
    year = {2017},
    booktitle = {National Renewable Energy Laboratory},
    url = {https://www.nrel.gov/transportation/secure-transportation-data/tsdc-california-vehicle-survey-2013.html}
}

@misc{TROPOMITROPOMIOnline,
    title = {{TROPOMI Level 2 Methane - Copernicus Sentinel-5P data products - Sentinel Online}},
    author = {{TROPOMI}},
    url = {https://sentinels.copernicus.eu/web/sentinel/data-products/-/asset_publisher/fp37fc19FN8F/content/tropomi-level-2-methane}
}

@article{Yaari1965UncertainConsumer,
    title = {{Uncertain Lifetime, Life Insurance, and the Theory of the Consumer}},
    year = {1965},
    journal = {The Review of Economic Studies},
    author = {Yaari, Menahem E.},
    number = {2},
    month = {4},
    pages = {137},
    volume = {32},
    url = {https://academic.oup.com/restud/article-lookup/doi/10.2307/2296058},
    doi = {10.2307/2296058},
    issn = {00346527}
}

@techreport{Segerson1988UncertaintyControl,
    title = {{Uncertainty and Incentives for Nonpoint Pollution Control}},
    year = {1988},
    booktitle = {JOURNAL OF ENVIRONMENTAL ECONOMICS AND MANAGEMENT},
    author = {Segerson, Kathleen},
    pages = {87--98},
    volume = {15}
}

@article{Segerson1988UncertaintyControlb,
    title = {{Uncertainty and incentives for nonpoint pollution control}},
    year = {1988},
    journal = {Journal of Environmental Economics and Management},
    author = {Segerson, Kathleen},
    number = {1},
    month = {3},
    pages = {87--98},
    volume = {15},
    publisher = {Academic Press},
    doi = {10.1016/0095-0696(88)90030-7},
    issn = {0095-0696}
}

@article{McGarvey2016UsingFishery,
    title = {{Using bioeconomic modeling to improve a harvest strategy for a quota-based lobster fishery}},
    year = {2016},
    journal = {Fisheries Research},
    author = {McGarvey, Richard and Matthews, Janet M. and Feenstra, John E. and Punt, Andre E. and Linnane, Adrian},
    month = {11},
    pages = {549--558},
    volume = {183},
    publisher = {Elsevier},
    url = {https://www.sciencedirect.com/science/article/pii/S0165783616301424},
    doi = {10.1016/J.FISHRES.2016.05.005},
    issn = {0165-7836}
}

@article{Eppstein2015USINGADOPTION,
    title = {{USING NATIONAL SURVEY RESPONDENTS AS CONSUMERS IN AN AGENT-BASED MODEL OF PLUG-IN HYBRID VEHICLE ADOPTION}},
    year = {2015},
    journal = {IEEE Access},
    author = {Eppstein, Margaret and Rizzo, Donna and Lee, Brian and Krupa, Joseph and Manukyan, Narine},
    pages = {1--1},
    url = {http://ieeexplore.ieee.org/document/7096925/},
    doi = {10.1109/ACCESS.2015.2427252},
    issn = {2169-3536}
}

@article{KlierUsingSweden,
    title = {{Using Vehicle Taxes to Reduce Carbon Dioxide Emissions Rates of New Passenger Vehicles Using Vehicle Taxes to Reduce Carbon Dioxide Emissions Rates of New Passenger Vehicles: Evidence from France, Germany, and Sweden}},
    author = {Klier, Thomas and Linn, Joshua},
    url = {http://www.rff.org/files/sharepoint/WorkImages/Download/RFF-DP-12-34.pdf},
    keywords = {emissions rate standards, feebate, fuel economy standards}
}

@article{Cropper1990ValuingLife,
    title = {{Valuing future risks to life}},
    year = {1990},
    journal = {Journal of Environmental Economics and Management},
    author = {Cropper, Maureen L and G. Sussman, Frances},
    number = {2},
    month = {9},
    pages = {160--174},
    volume = {19},
    publisher = {Academic Press},
    url = {https://www.sciencedirect.com/science/article/abs/pii/0095069690900668},
    doi = {10.1016/0095-0696(90)90066-8},
    issn = {0095-0696}
}

@misc{EPAWasteCharge,
    title = {{Waste Emissions Charge}},
    author = {{EPA}},
    url = {https://www.epa.gov/inflation-reduction-act/waste-emissions-charge}
}

@article{PETROLIA2009WhatRestoration,
    title = {{What are Barrier Islands Worth? Estimates of Willingness to Pay for Restoration}},
    year = {2009},
    journal = {Marine Resource Economics},
    author = {PETROLIA, DANIEL R. and KIM, TAE-GOUN},
    number = {2},
    month = {1},
    pages = {131--146},
    volume = {24},
    url = {http://www.journals.uchicago.edu/doi/10.1086/mre.24.2.42731376},
    doi = {10.1086/mre.24.2.42731376},
    issn = {0738-1360}
}

@article{Anderson2013WhatPrices,
    title = {{What do consumers believe about future gasoline prices?}},
    year = {2013},
    journal = {Journal of Environmental Economics and Management},
    author = {Anderson, Soren T and Kellogg, Ryan and Sallee, James M},
    pages = {383--403},
    volume = {66},
    url = {https://ac.els-cdn.com/S0095069613000594/1-s2.0-S0095069613000594-main.pdf?_tid=57bb766e-dd23-11e7-a168-00000aacb35e&acdnat=1512853132_6ecc2d3a1d064d71afaf744f9c9bc4ee},
    doi = {10.1016/j.jeem.2013.07.002},
    keywords = {Automobile demand, Consumer beliefs, Energy efficiency, Gasoline prices}
}

@article{Jaffe1995WhatThank,
    title = {{What Does the Evidence Tell Us? The authors thank}},
    year = {1995},
    journal = {Source Journal of Economic Literature Journal of Economic Literature},
    author = {Jaffe, Adam B and Peterson, Steven R and Portney, Paul R and Stavins, Robert N and Goulder, Lawrence and Kopp, Raymond and Nordhaus, William and Schmalensee, Richard and Weitzman, Martin and Wheeler, David},
    number = {1},
    pages = {132--163},
    volume = {33},
    url = {http://www.jstor.org/stable/2728912 http://about.jstor.org/terms}
}

@misc{WhatEnergySage,
    title = {{What Electric Car Tax Credits are Available in 2018? | EnergySage}},
    url = {https://www.energysage.com/electric-vehicles/costs-and-benefits-evs/ev-tax-credits/}
}

@misc{Adams-Heard2021WhatBloomberg,
    title = {{What Happened to MDC Energy? A Lesson From Permian Basin Oil Company - Bloomberg}},
    year = {2021},
    booktitle = {Bloomberg},
    author = {Adams-Heard, Rachel and Mider, Zachary},
    month = {11},
    url = {https://www.bloomberg.com/news/features/2021-11-18/as-oil-drilling-picks-up-after-a-post-pandemic-lull-this-company-s-foray-in-the}
}

@unpublished{StolperWhoPass-Through,
    title = {{Who Bears the Burden of Energy Taxes? The Role of Local Pass-Through}},
    author = {Stolper, Samuel},
    url = {https://scholar.harvard.edu/sstolper/publications/who-bears-burden-energy-taxes-critical-role-pass-through}
}

@article{Curtis2014WhoPrograms,
    title = {{Who Loses Under Power Plant Cap-and-Trade Programs?}},
    year = {2014},
    journal = {NBER Working Paper Series},
    author = {Curtis, Mark},
    url = {http://www.nber.org/papers/w20808.pdf}
}

@article{Helveston2015WillChina,
    title = {{Will subsidies drive electric vehicle adoption? Measuring consumer preferences in the U.S. and China}},
    year = {2015},
    journal = {Transportation Research Part A},
    author = {Helveston, John Paul and Liu, Yimin and Feit, Elea Mcdonnell and Fuchs, Erica and Klampfl, Erica and Michalek, Jeremy J},
    pages = {96--112},
    volume = {73},
    url = {http://dx.doi.org/10.1016/j.tra.2015.01.002},
    doi = {10.1016/j.tra.2015.01.002},
    keywords = {China, Conjoint analysis, Discrete choice modeling, Federal subsidy policy, Vehicle electrification, Willingness-to-pay}
}

@article{Helveston2015WillChinab,
    title = {{Will subsidies drive electric vehicle adoption? Measuring consumer preferences in the U.S. and China}},
    year = {2015},
    journal = {Transportation Research Part A: Policy and Practice},
    author = {Helveston, John Paul and Liu, Yimin and Feit, Elea McDonnell and Fuchs, Erica and Klampfl, Erica and Michalek, Jeremy J.},
    month = {3},
    pages = {96--112},
    volume = {73},
    publisher = {Pergamon},
    url = {https://www.sciencedirect.com/science/article/pii/S0965856415000038?via%3Dihub},
    doi = {10.1016/J.TRA.2015.01.002},
    issn = {0965-8564}
}

@article{Helveston2015WillChinac,
    title = {{Will subsidies drive electric vehicle adoption? Measuring consumer preferences in the U.S. and China}},
    year = {2015},
    journal = {Transportation Research Part A},
    author = {Helveston, John Paul and Liu, Yimin and Feit, Elea Mcdonnell and Fuchs, Erica and Klampfl, Erica and Michalek, Jeremy J},
    pages = {96--112},
    volume = {73},
    url = {http://dx.doi.org/10.1016/j.tra.2015.01.002},
    doi = {10.1016/j.tra.2015.01.002},
    keywords = {China, Conjoint analysis, Discrete choice modeling, Federal subsidy policy, Vehicle electrification, Willingness-to-pay}
}

@article{Hidrue2011WillingnessAttributes,
    title = {{Willingness to pay for electric vehicles and their attributes}},
    year = {2011},
    journal = {Resource and Energy Economics},
    author = {Hidrue, Michael K. and Parsons, George R. and Kempton, Willett and Gardner, Meryl P.},
    number = {3},
    month = {9},
    pages = {686--705},
    volume = {33},
    publisher = {North-Holland},
    url = {https://www.sciencedirect.com/science/article/pii/S0928765511000200?via%3Dihub},
    doi = {10.1016/J.RESENEECO.2011.02.002},
    issn = {0928-7655}
}

@misc{WithFund,
    title = {{With Initial Data Showing Permian Flaring on the Rise Again, New Survey Finds 1 in 10 Flares Malfunctioning or Unlit, Venting Unburned Methane into the Air | Environmental Defense Fund}},
    url = {https://www.edf.org/media/initial-data-showing-permian-flaring-rise-again-new-survey-finds-1-10-flares-malfunctioning}
}

@misc{EDF2021WithFund,
    title = {{With Initial Data Showing Permian Flaring on the Rise Again, New Survey Finds 1 in 10 Flares Malfunctioning or Unlit, Venting Unburned Methane into the Air | Environmental Defense Fund}},
    year = {2021},
    booktitle = {EDF Press Release},
    author = {{EDF}},
    month = {4},
    url = {https://www.edf.org/media/initial-data-showing-permian-flaring-rise-again-new-survey-finds-1-10-flares-malfunctioning}
}